Fecha,Hora,Fecha valor,Producto,ISIN,Descripción,Tipo,Variación,,Saldo,,ID Orden
14-05-2026,16:30,14-05-2026,,,Degiro Cash Sweep Transfer,,EUR,"1257,96",EUR,"2137,40",
14-05-2026,16:30,14-05-2026,,,"Transferir desde su Cuenta de Efectivo en flatexDEGIRO Bank: 1.257,96 EUR",,,,EUR,"879,44",
14-05-2026,15:35,14-05-2026,OTIS WORLDWIDE CORP,US68902V1070,Ingreso Cambio de Divisa,"1,1663",USD,"1464,80",USD,"0,00",d38bd6ff-534d-422f-ae31-a47432805dc4
14-05-2026,15:35,14-05-2026,OTIS WORLDWIDE CORP,US68902V1070,Retirada Cambio de Divisa,,EUR,"-1255,96",EUR,"2137,40",d38bd6ff-534d-422f-ae31-a47432805dc4
14-05-2026,15:35,14-05-2026,OTIS WORLDWIDE CORP,US68902V1070,Costes de transacción y/o externos de DEGIRO,,EUR,"-2,00",EUR,"3393,36",d38bd6ff-534d-422f-ae31-a47432805dc4
14-05-2026,15:35,14-05-2026,OTIS WORLDWIDE CORP,US68902V1070,"Compra 20 Otis Worldwide Corp@73,24 USD (US68902V1070)",,USD,"-1464,80",USD,"-1464,80",d38bd6ff-534d-422f-ae31-a47432805dc4
08-05-2026,01:34,07-05-2026,,,Degiro Cash Sweep Transfer,,EUR,"-20,25",EUR,"3395,36",
08-05-2026,01:34,07-05-2026,,,"Transferir a su Cuenta de Efectivo en flatexDEGIRO Bank: 20,25 EUR",,,,EUR,"3415,61",
07-05-2026,10:18,04-05-2026,L'OREAL SA,FR0000120321,Dividendo,,EUR,"-21,60",EUR,"3395,36",
07-05-2026,10:18,04-05-2026,L'OREAL SA,FR0000120321,Retención del dividendo,,EUR,"5,40",EUR,"3416,96",
07-05-2026,10:18,04-05-2026,L'OREAL SA,FR0000120321,Dividendo,,EUR,"21,60",EUR,"3411,56",
07-05-2026,10:18,04-05-2026,L'OREAL SA,FR0000120321,Retención del dividendo,,EUR,"-5,40",EUR,"3389,96",
07-05-2026,07:27,05-05-2026,BANCO SANTANDER SA,ES0113900J37,Dividendo,,EUR,"25,00",EUR,"3395,36",
07-05-2026,07:27,05-05-2026,BANCO SANTANDER SA,ES0113900J37,Retención del dividendo,,EUR,"-4,75",EUR,"3370,36",
06-05-2026,08:46,06-05-2026,,,Degiro Cash Sweep Transfer,,EUR,"-2,29",EUR,"3375,11",
06-05-2026,08:46,06-05-2026,,,"Transferir a su Cuenta de Efectivo en flatexDEGIRO Bank: 2,29 EUR",,,,EUR,"3377,40",
06-05-2026,07:43,05-05-2026,ASML HOLDING NV,NL0010273215,Retención del dividendo,,EUR,"-0,41",EUR,"3375,11",
06-05-2026,07:43,05-05-2026,ASML HOLDING NV,NL0010273215,Dividendo,,EUR,"2,70",EUR,"3375,52",
05-05-2026,08:46,05-05-2026,,,Degiro Cash Sweep Transfer,,EUR,"-16,20",EUR,"3372,82",
05-05-2026,08:46,05-05-2026,,,"Transferir a su Cuenta de Efectivo en flatexDEGIRO Bank: 16,2 EUR",,,,EUR,"3389,02",
05-05-2026,07:08,04-05-2026,L'OREAL SA,FR0000120321,Dividendo,,EUR,"21,60",EUR,"3372,82",
05-05-2026,07:08,04-05-2026,L'OREAL SA,FR0000120321,Retención del dividendo,,EUR,"-5,40",EUR,"3351,22",
04-05-2026,08:52,04-05-2026,,,Degiro Cash Sweep Transfer,,EUR,"-4,63",EUR,"3356,62",
04-05-2026,08:52,04-05-2026,,,"Transferir a su Cuenta de Efectivo en flatexDEGIRO Bank: 4,63 EUR",,,,EUR,"3361,25",
02-05-2026,06:37,01-05-2026,,,Ingreso Cambio de Divisa,,EUR,"4,63",EUR,"3356,62",
02-05-2026,06:37,01-05-2026,,,Retirada Cambio de Divisa,"1,1750",USD,"-5,44",USD,"0,00",
01-05-2026,12:00,01-05-2026,,,Degiro Cash Sweep Transfer,,EUR,"-118,12",EUR,"3351,99",
01-05-2026,12:00,01-05-2026,,,"Transferir a su Cuenta de Efectivo en flatexDEGIRO Bank: 118,12 EUR",,,,EUR,"3470,11",
01-05-2026,07:38,30-04-2026,GLADSTONE INVESTMENT CORP,US3765461070,Retención del dividendo,,USD,"-0,96",USD,"5,44",
01-05-2026,07:38,30-04-2026,GLADSTONE INVESTMENT CORP,US3765461070,Dividendo,,USD,"6,40",USD,"6,40",
01-05-2026,07:38,30-04-2026,LVMH MOET HENNESSY LOUIS VUITTON SE,FR0000121014,Dividendo,,EUR,"157,50",EUR,"3351,99",
01-05-2026,07:38,30-04-2026,LVMH MOET HENNESSY LOUIS VUITTON SE,FR0000121014,Retención del dividendo,,EUR,"-39,38",EUR,"3194,49",
27-04-2026,18:20,27-04-2026,,,Degiro Cash Sweep Transfer,,EUR,"1333,83",EUR,"3233,87",
27-04-2026,18:20,27-04-2026,,,"Transferir desde su Cuenta de Efectivo en flatexDEGIRO Bank: 1.333,83 EUR",,,,EUR,"1900,04",
27-04-2026,17:38,27-04-2026,OTIS WORLDWIDE CORP,US68902V1070,Ingreso Cambio de Divisa,"1,1703",USD,"77,93",USD,"0,00",dd2fc2f2-ac20-4068-b324-0dcef40cacc5
27-04-2026,17:38,27-04-2026,OTIS WORLDWIDE CORP,US68902V1070,Retirada Cambio de Divisa,,EUR,"-66,59",EUR,"3233,87",dd2fc2f2-ac20-4068-b324-0dcef40cacc5
27-04-2026,17:38,27-04-2026,OTIS WORLDWIDE CORP,US68902V1070,Ingreso Cambio de Divisa,"1,1703",USD,"1480,67",USD,"-77,93",dd2fc2f2-ac20-4068-b324-0dcef40cacc5
27-04-2026,17:38,27-04-2026,OTIS WORLDWIDE CORP,US68902V1070,Retirada Cambio de Divisa,,EUR,"-1265,24",EUR,"3300,46",dd2fc2f2-ac20-4068-b324-0dcef40cacc5
27-04-2026,17:38,27-04-2026,OTIS WORLDWIDE CORP,US68902V1070,Costes de transacción y/o externos de DEGIRO,,EUR,"-2,00",EUR,"4565,70",dd2fc2f2-ac20-4068-b324-0dcef40cacc5
27-04-2026,17:38,27-04-2026,OTIS WORLDWIDE CORP,US68902V1070,"Compra 1 Otis Worldwide Corp@77,93 USD (US68902V1070)",,USD,"-77,93",USD,"-1558,60",dd2fc2f2-ac20-4068-b324-0dcef40cacc5
27-04-2026,17:38,27-04-2026,OTIS WORLDWIDE CORP,US68902V1070,"Compra 19 Otis Worldwide Corp@77,93 USD (US68902V1070)",,USD,"-1480,67",USD,"-1480,67",dd2fc2f2-ac20-4068-b324-0dcef40cacc5
24-04-2026,07:21,24-04-2026,,,Degiro Cash Sweep Transfer,,EUR,"-0,31",EUR,"4567,70",
24-04-2026,07:21,24-04-2026,,,"Transferir a su Cuenta de Efectivo en flatexDEGIRO Bank: 0,31 EUR",,,,EUR,"4568,01",
24-04-2026,06:33,23-04-2026,,,Ingreso Cambio de Divisa,,EUR,"0,31",EUR,"4567,70",
24-04-2026,06:33,23-04-2026,,,Retirada Cambio de Divisa,"1,1713",USD,"-0,36",USD,"0,00",
23-04-2026,08:33,23-04-2026,,,Degiro Cash Sweep Transfer,,EUR,"-22,34",EUR,"4567,39",
23-04-2026,08:33,23-04-2026,,,"Transferir a su Cuenta de Efectivo en flatexDEGIRO Bank: 22,34 EUR",,,,EUR,"4589,73",
23-04-2026,07:06,22-04-2026,CISCO SYSTEMS INC,US17275R1023,Dividendo,,USD,"0,42",USD,"0,36",
23-04-2026,07:05,22-04-2026,CISCO SYSTEMS INC,US17275R1023,Retención del dividendo,,USD,"-0,06",USD,"-0,06",
23-04-2026,07:05,22-04-2026,LINEA DIRECTA,ES0105546008,Dividendo,,EUR,"27,58",EUR,"4567,39",
23-04-2026,07:05,22-04-2026,LINEA DIRECTA,ES0105546008,Retención del dividendo,,EUR,"-5,24",EUR,"4539,81",
22-04-2026,08:22,22-04-2026,,,Degiro Cash Sweep Transfer,,EUR,"-77,31",EUR,"4545,05",
22-04-2026,08:22,22-04-2026,,,"Transferir a su Cuenta de Efectivo en flatexDEGIRO Bank: 77,31 EUR",,,,EUR,"4622,36",
22-04-2026,07:02,21-04-2026,MERCEDES-BENZ GROUP AG,DE0007100000,Retención del dividendo,,EUR,"-27,69",EUR,"4545,05",
22-04-2026,07:02,21-04-2026,MERCEDES-BENZ GROUP AG,DE0007100000,Dividendo,,EUR,"105,00",EUR,"4572,74",
17-04-2026,08:35,17-04-2026,,,Degiro Cash Sweep Transfer,,EUR,"-56,63",EUR,"4467,74",
17-04-2026,08:35,17-04-2026,,,"Transferir a su Cuenta de Efectivo en flatexDEGIRO Bank: 56,63 EUR",,,,EUR,"4524,37",
17-04-2026,07:31,17-04-2026,TRANSOCEANIC INVESTMENTS INC,CA8939761000,"CAMBIO DE PRODUCTO: Compra 20 Transoceanic Investments Inc@0,0478 EUR (CA8939761000)",,EUR,"-0,96",EUR,"4467,74",
17-04-2026,07:31,17-04-2026,MASON RESOURCES INC - NON TRADEABLE,CA8939761000,"CAMBIO DE PRODUCTO: Venta 20 Mason Resources Inc - Non tradeable@0,0478 EUR (CA8939761000)",,EUR,"0,96",EUR,"4468,69",
17-04-2026,06:45,16-04-2026,,,Ingreso Cambio de Divisa,,EUR,"56,63",EUR,"4467,74",
17-04-2026,06:45,16-04-2026,,,Retirada Cambio de Divisa,"1,1811",USD,"-66,89",USD,"0,00",
16-04-2026,08:39,15-04-2026,BLUE OWL CAPITAL CORP,US69121K1043,Dividendo,,USD,"40,70",USD,"66,89",
16-04-2026,08:39,15-04-2026,BLUE OWL CAPITAL CORP,US69121K1043,Retención del dividendo,,USD,"-6,11",USD,"26,19",
16-04-2026,08:36,15-04-2026,INNOVATIVE INDUSTRIAL PROPERTIES INC,US45781V1017,Retención del dividendo,,USD,"-5,70",USD,"32,30",
16-04-2026,08:36,15-04-2026,INNOVATIVE INDUSTRIAL PROPERTIES INC,US45781V1017,Dividendo,,USD,"38,00",USD,"38,00",
14-04-2026,16:40,14-04-2026,,,Degiro Cash Sweep Transfer,,EUR,"1104,88",EUR,"4411,11",
14-04-2026,16:40,14-04-2026,,,"Transferir desde su Cuenta de Efectivo en flatexDEGIRO Bank: 1.104,88 EUR",,,,EUR,"3306,23",
14-04-2026,15:57,14-04-2026,META PLATFORMS INC CLASS A,US30303M1027,Ingreso Cambio de Divisa,"1,1770",USD,"1298,03",USD,"0,00",20f551b3-f755-435b-838a-a3595350764d
14-04-2026,15:57,14-04-2026,META PLATFORMS INC CLASS A,US30303M1027,Retirada Cambio de Divisa,,EUR,"-1102,88",EUR,"4411,11",20f551b3-f755-435b-838a-a3595350764d
14-04-2026,15:57,14-04-2026,META PLATFORMS INC CLASS A,US30303M1027,Costes de transacción y/o externos de DEGIRO,,EUR,"-2,00",EUR,"5513,99",20f551b3-f755-435b-838a-a3595350764d
14-04-2026,15:57,14-04-2026,META PLATFORMS INC CLASS A,US30303M1027,"Compra 2 Meta Platforms Inc Class A@649,015 USD (US30303M1027)",,USD,"-1298,03",USD,"-1298,03",20f551b3-f755-435b-838a-a3595350764d
13-04-2026,07:21,13-04-2026,MASON RESOURCES INC - NON TRADEABLE,CA8939761000,"CAMBIO DE ISIN: Compra 20 Mason Resources Inc - Non tradeable@0,0478 EUR (CA8939761000)",,EUR,"-0,96",EUR,"5515,99",
13-04-2026,07:21,13-04-2026,MASON RESOURCES INC,CA57532C1005,"CAMBIO DE ISIN: Venta 20 Mason Resources Inc@0,0478 EUR (CA57532C1005)",,EUR,"0,96",EUR,"5516,94",
03-04-2026,22:52,31-03-2026,,,Flatex Interest Income,,EUR,"0,00",EUR,"5515,99",
02-04-2026,11:20,01-04-2026,,,Degiro Cash Sweep Transfer,,EUR,"1225,73",EUR,"5515,99",
02-04-2026,11:20,01-04-2026,,,"Transferir desde su Cuenta de Efectivo en flatexDEGIRO Bank: 1.225,73 EUR",,,,EUR,"4290,26",
02-04-2026,08:50,02-04-2026,,,Degiro Cash Sweep Transfer,,EUR,"-72,24",EUR,"5515,99",
02-04-2026,08:50,02-04-2026,,,"Transferir a su Cuenta de Efectivo en flatexDEGIRO Bank: 72,24 EUR",,,,EUR,"5588,23",
02-04-2026,06:41,01-04-2026,,,Ingreso Cambio de Divisa,,EUR,"25,77",EUR,"5515,99",
02-04-2026,06:41,01-04-2026,,,Retirada Cambio de Divisa,"1,1618",USD,"-29,94",USD,"0,00",
02-04-2026,06:41,01-04-2026,,,Ingreso Cambio de Divisa,,EUR,"46,47",EUR,"5490,22",
02-04-2026,06:41,01-04-2026,,,Retirada Cambio de Divisa,"7,4925",DKK,"-348,21",DKK,"0,00",
01-04-2026,21:43,01-04-2026,BROOKFIELD ASSET MANAGEMENT LTD,CA1130041058,Ingreso Cambio de Divisa,"1,1558",USD,"1414,40",USD,"29,94",9db589d1-3468-43da-a3ea-68cac1fa3b7b
01-04-2026,21:43,01-04-2026,BROOKFIELD ASSET MANAGEMENT LTD,CA1130041058,Retirada Cambio de Divisa,,EUR,"-1223,73",EUR,"5443,75",9db589d1-3468-43da-a3ea-68cac1fa3b7b
01-04-2026,21:43,01-04-2026,BROOKFIELD ASSET MANAGEMENT LTD,CA1130041058,Costes de transacción y/o externos de DEGIRO,,EUR,"-2,00",EUR,"6667,48",9db589d1-3468-43da-a3ea-68cac1fa3b7b
01-04-2026,21:43,01-04-2026,BROOKFIELD ASSET MANAGEMENT LTD,CA1130041058,"Compra 32 BROOKFIELD ASSET MANAGEMENT LTD CLASS A@44,1999 USD (CA1130041058)",,USD,"-1414,40",USD,"-1384,46",9db589d1-3468-43da-a3ea-68cac1fa3b7b
01-04-2026,08:13,31-03-2026,NOVO NORDISK A/S CLASS B,DK0062498333,Dividendo,,DKK,"159,00",DKK,"348,21",
01-04-2026,08:13,31-03-2026,NOVO NORDISK A/S CLASS B,DK0062498333,Dividendo,,DKK,"318,00",DKK,"189,21",
01-04-2026,08:13,31-03-2026,NOVO NORDISK A/S CLASS B,DK0062498333,Retención del dividendo,,DKK,"-42,93",DKK,"-128,79",
01-04-2026,08:13,31-03-2026,NOVO NORDISK A/S CLASS B,DK0062498333,Retención del dividendo,,DKK,"-85,86",DKK,"-85,86",
01-04-2026,08:12,31-03-2026,BROOKFIELD ASSET MANAGEMENT LTD,CA1130041058,Retención del dividendo,,USD,"-8,17",USD,"29,93",
01-04-2026,08:12,31-03-2026,BROOKFIELD ASSET MANAGEMENT LTD,CA1130041058,Dividendo,,USD,"32,66",USD,"38,10",
01-04-2026,08:05,31-03-2026,GLADSTONE INVESTMENT CORP,US3765461070,Retención del dividendo,,USD,"-0,96",USD,"5,44",
01-04-2026,08:05,31-03-2026,GLADSTONE INVESTMENT CORP,US3765461070,Dividendo,,USD,"6,40",USD,"6,40",
31-03-2026,17:44,31-03-2026,,,Degiro Cash Sweep Transfer,,EUR,"-3092,89",EUR,"6669,48",
31-03-2026,17:44,31-03-2026,,,"Transferir a su Cuenta de Efectivo en flatexDEGIRO Bank: 3.092,89 EUR",,,,EUR,"9762,37",
31-03-2026,16:27,31-03-2026,BROOKFIELD ASSET MANAGEMENT LTD,CA1130041058,Ingreso Cambio de Divisa,"1,1502",USD,"874,60",USD,"0,00",56b7de74-0c2c-41f1-b305-8e698315f575
31-03-2026,16:27,31-03-2026,BROOKFIELD ASSET MANAGEMENT LTD,CA1130041058,Retirada Cambio de Divisa,,EUR,"-760,38",EUR,"6669,48",56b7de74-0c2c-41f1-b305-8e698315f575
31-03-2026,16:27,31-03-2026,BROOKFIELD ASSET MANAGEMENT LTD,CA1130041058,Costes de transacción y/o externos de DEGIRO,,EUR,"-2,00",EUR,"7429,86",56b7de74-0c2c-41f1-b305-8e698315f575
31-03-2026,16:27,31-03-2026,BROOKFIELD ASSET MANAGEMENT LTD,CA1130041058,"Compra 20 BROOKFIELD ASSET MANAGEMENT LTD CLASS A@43,73 USD (CA1130041058)",,USD,"-874,60",USD,"-874,60",56b7de74-0c2c-41f1-b305-8e698315f575
31-03-2026,16:25,31-03-2026,KRAFT HEINZ CO,US5007541064,Retirada Cambio de Divisa,"1,1555",USD,"-4457,00",USD,"0,00",0bd23ef5-4c40-4bd6-a986-f96965507639
31-03-2026,16:25,31-03-2026,KRAFT HEINZ CO,US5007541064,Ingreso Cambio de Divisa,,EUR,"3857,27",EUR,"7431,86",0bd23ef5-4c40-4bd6-a986-f96965507639
31-03-2026,16:25,31-03-2026,KRAFT HEINZ CO,US5007541064,Costes de transacción y/o externos de DEGIRO,,EUR,"-2,00",EUR,"3574,59",0bd23ef5-4c40-4bd6-a986-f96965507639
31-03-2026,16:25,31-03-2026,KRAFT HEINZ CO,US5007541064,"Venta 200 Kraft Heinz Co@22,285 USD (US5007541064)",,USD,"4457,00",USD,"4457,00",0bd23ef5-4c40-4bd6-a986-f96965507639
31-03-2026,08:06,31-03-2026,,,Degiro Cash Sweep Transfer,,EUR,"-102,05",EUR,"3576,59",
31-03-2026,08:06,31-03-2026,,,"Transferir a su Cuenta de Efectivo en flatexDEGIRO Bank: 102,05 EUR",,,,EUR,"3678,64",
31-03-2026,06:32,30-03-2026,,,Ingreso Cambio de Divisa,,EUR,"102,05",EUR,"3576,59",
31-03-2026,06:32,30-03-2026,,,Retirada Cambio de Divisa,"1,1494",USD,"-117,30",USD,"0,00",
30-03-2026,07:48,27-03-2026,KRAFT HEINZ CO,US5007541064,Retención del dividendo,,USD,"-20,70",USD,"117,30",
30-03-2026,07:48,27-03-2026,KRAFT HEINZ CO,US5007541064,Dividendo,,USD,"138,00",USD,"138,00",
30-03-2026,04:11,30-03-2026,,,Degiro Cash Sweep Transfer,,EUR,"-5,42",EUR,"3474,54",
30-03-2026,04:11,30-03-2026,,,"Transferir a su Cuenta de Efectivo en flatexDEGIRO Bank: 5,42 EUR",,,,EUR,"3479,96",
28-03-2026,06:52,27-03-2026,,,Ingreso Cambio de Divisa,,EUR,"5,42",EUR,"3474,54",
28-03-2026,06:52,27-03-2026,,,Retirada Cambio de Divisa,"1,1538",USD,"-6,25",USD,"0,00",
27-03-2026,07:21,26-03-2026,META PLATFORMS INC CLASS A,US30303M1027,Dividendo,,USD,"7,35",USD,"6,25",
27-03-2026,07:21,26-03-2026,META PLATFORMS INC CLASS A,US30303M1027,Retención del dividendo,,USD,"-1,10",USD,"-1,10",
26-03-2026,22:40,26-03-2026,,,Degiro Cash Sweep Transfer,,EUR,"1296,63",EUR,"3469,12",
26-03-2026,22:40,26-03-2026,,,"Transferir desde su Cuenta de Efectivo en flatexDEGIRO Bank: 1.296,63 EUR",,,,EUR,"2172,49",
26-03-2026,20:31,26-03-2026,OTIS WORLDWIDE CORP,US68902V1070,Ingreso Cambio de Divisa,"1,1495",USD,"386,95",USD,"0,00",9c5af2ac-a889-45a1-96e3-dff55afb218c
26-03-2026,20:31,26-03-2026,OTIS WORLDWIDE CORP,US68902V1070,Retirada Cambio de Divisa,,EUR,"-336,62",EUR,"3469,12",9c5af2ac-a889-45a1-96e3-dff55afb218c
26-03-2026,20:31,26-03-2026,OTIS WORLDWIDE CORP,US68902V1070,Costes de transacción y/o externos de DEGIRO,,EUR,"-2,00",EUR,"3805,74",9c5af2ac-a889-45a1-96e3-dff55afb218c
26-03-2026,20:31,26-03-2026,OTIS WORLDWIDE CORP,US68902V1070,"Compra 5 Otis Worldwide Corp@77,39 USD (US68902V1070)",,USD,"-386,95",USD,"-386,95",9c5af2ac-a889-45a1-96e3-dff55afb218c
26-03-2026,20:29,26-03-2026,META PLATFORMS INC CLASS A,US30303M1027,Ingreso Cambio de Divisa,"1,1494",USD,"1098,86",USD,"0,00",5ae46483-00c2-41d5-9340-e92b466afd4f
26-03-2026,20:29,26-03-2026,META PLATFORMS INC CLASS A,US30303M1027,Retirada Cambio de Divisa,,EUR,"-956,01",EUR,"3807,74",5ae46483-00c2-41d5-9340-e92b466afd4f
26-03-2026,20:29,26-03-2026,META PLATFORMS INC CLASS A,US30303M1027,Costes de transacción y/o externos de DEGIRO,,EUR,"-2,00",EUR,"4763,75",5ae46483-00c2-41d5-9340-e92b466afd4f
26-03-2026,20:29,26-03-2026,META PLATFORMS INC CLASS A,US30303M1027,"Compra 2 Meta Platforms Inc Class A@549,43 USD (US30303M1027)",,USD,"-1098,86",USD,"-1098,86",5ae46483-00c2-41d5-9340-e92b466afd4f
26-03-2026,15:32,26-03-2026,,,Degiro Cash Sweep Transfer,,EUR,"-249,25",EUR,"4765,75",
26-03-2026,15:32,26-03-2026,,,"Transferir a su Cuenta de Efectivo en flatexDEGIRO Bank: 249,25 EUR",,,,EUR,"5015,00",
26-03-2026,14:28,26-03-2026,NAG C76.00 18DEC26,DE000C61GLD1,Costes de transacción y/o externos de DEGIRO,,EUR,"-0,75",EUR,"4765,75",fdb239c0-d807-4bb8-a00c-10d77994083b
26-03-2026,14:28,26-03-2026,NAG C76.00 18DEC26,DE000C61GLD1,"Venta 1 NAG C76.00 18DEC26@2,5 EUR (DE000C61GLD1)",,EUR,"250,00",EUR,"4766,50",fdb239c0-d807-4bb8-a00c-10d77994083b
25-03-2026,15:30,25-03-2026,,,Degiro Cash Sweep Transfer,,EUR,"1687,20",EUR,"4516,50",
25-03-2026,15:30,25-03-2026,,,"Transferir desde su Cuenta de Efectivo en flatexDEGIRO Bank: 1.687,2 EUR",,,,EUR,"2829,30",
25-03-2026,14:59,25-03-2026,META PLATFORMS INC CLASS A,US30303M1027,Ingreso Cambio de Divisa,"1,1544",USD,"1195,56",USD,"0,00",0e2fc982-5600-4799-8edd-930a8e174159
25-03-2026,14:59,25-03-2026,META PLATFORMS INC CLASS A,US30303M1027,Retirada Cambio de Divisa,,EUR,"-1035,65",EUR,"4516,50",0e2fc982-5600-4799-8edd-930a8e174159
25-03-2026,14:59,25-03-2026,META PLATFORMS INC CLASS A,US30303M1027,Costes de transacción y/o externos de DEGIRO,,EUR,"-2,00",EUR,"5552,15",0e2fc982-5600-4799-8edd-930a8e174159
25-03-2026,14:59,25-03-2026,META PLATFORMS INC CLASS A,US30303M1027,"Compra 2 Meta Platforms Inc Class A@597,78 USD (US30303M1027)",,USD,"-1195,56",USD,"-1195,56",0e2fc982-5600-4799-8edd-930a8e174159
25-03-2026,14:52,25-03-2026,MICROSOFT CORP,US5949181045,Ingreso Cambio de Divisa,"1,1545",USD,"747,60",USD,"0,00",b316866e-5159-44cb-9d40-7116d7319205
25-03-2026,14:52,25-03-2026,MICROSOFT CORP,US5949181045,Retirada Cambio de Divisa,,EUR,"-647,55",EUR,"5554,15",b316866e-5159-44cb-9d40-7116d7319205
25-03-2026,14:52,25-03-2026,MICROSOFT CORP,US5949181045,Costes de transacción y/o externos de DEGIRO,,EUR,"-2,00",EUR,"6201,70",b316866e-5159-44cb-9d40-7116d7319205
25-03-2026,14:52,25-03-2026,MICROSOFT CORP,US5949181045,"Compra 2 Microsoft Corp@373,8 USD (US5949181045)",,USD,"-747,60",USD,"-747,60",b316866e-5159-44cb-9d40-7116d7319205
23-03-2026,15:35,23-03-2026,,,Degiro Cash Sweep Transfer,,EUR,"-5943,66",EUR,"6203,70",
23-03-2026,15:35,23-03-2026,,,"Transferir a su Cuenta de Efectivo en flatexDEGIRO Bank: 5.943,66 EUR",,,,EUR,"12147,36",
23-03-2026,14:44,23-03-2026,FERRETTI SPA,IT0005383291,Costes de transacción y/o externos de DEGIRO,,EUR,"-4,90",EUR,"6203,70",9b9a8702-8e62-4b3a-9c01-0ddafacdf257
23-03-2026,14:44,23-03-2026,FERRETTI SPA,IT0005383291,"Venta 89 Ferretti SpA@3,8 EUR (IT0005383291)",,EUR,"338,20",EUR,"6208,60",9b9a8702-8e62-4b3a-9c01-0ddafacdf257
23-03-2026,14:44,23-03-2026,FERRETTI SPA,IT0005383291,"Venta 1.261 Ferretti SpA@3,8 EUR (IT0005383291)",,EUR,"4791,80",EUR,"5870,40",9b9a8702-8e62-4b3a-9c01-0ddafacdf257
23-03-2026,14:40,23-03-2026,DR ING HC F PORSCHE AG PREFERRED,DE000PAG9113,"Venta 13 Dr Ing hc F Porsche AG Preferred@37,43 EUR (DE000PAG9113)",,EUR,"486,59",EUR,"1078,60",03bf1884-de14-417e-a3fe-7ff7cc3c71f8
23-03-2026,14:01,23-03-2026,DR ING HC F PORSCHE AG PREFERRED,DE000PAG9113,Costes de transacción y/o externos de DEGIRO,,EUR,"-4,90",EUR,"592,01",03bf1884-de14-417e-a3fe-7ff7cc3c71f8
23-03-2026,14:01,23-03-2026,DR ING HC F PORSCHE AG PREFERRED,DE000PAG9113,"Venta 9 Dr Ing hc F Porsche AG Preferred@37,43 EUR (DE000PAG9113)",,EUR,"336,87",EUR,"596,91",03bf1884-de14-417e-a3fe-7ff7cc3c71f8
23-03-2026,03:39,23-03-2026,,,Degiro Cash Sweep Transfer,,EUR,"-0,64",EUR,"260,04",
23-03-2026,03:39,23-03-2026,,,"Transferir a su Cuenta de Efectivo en flatexDEGIRO Bank: 0,64 EUR",,,,EUR,"260,68",
21-03-2026,11:52,20-03-2026,SAN C11.00 20MAR26,ES0A06518781,VENCIMIENTO DE OPCIÓN (OUT OF THE MONEY): Compra 1 SAN C11.00 20MAR26@0 EUR (ES0A06518781),,EUR,"0,00",EUR,"260,04",
21-03-2026,06:34,20-03-2026,,,Ingreso Cambio de Divisa,,EUR,"0,64",EUR,"260,04",
21-03-2026,06:34,20-03-2026,,,Retirada Cambio de Divisa,"1,1600",USD,"-0,74",USD,"0,00",
20-03-2026,07:42,19-03-2026,INVESCO EQQQ NASDAQ-100 UCITS ETF DIST,IE0032077012,Dividendo,,USD,"0,74",USD,"0,74",
19-03-2026,17:20,19-03-2026,,,Degiro Cash Sweep Transfer,,EUR,"2040,24",EUR,"259,40",
19-03-2026,17:20,19-03-2026,,,"Transferir desde su Cuenta de Efectivo en flatexDEGIRO Bank: 2.040,24 EUR",,,,EUR,"-1780,84",
19-03-2026,16:11,19-03-2026,BROOKFIELD ASSET MANAGEMENT LTD,CA1130041058,Ingreso Cambio de Divisa,"1,1498",USD,"2343,60",USD,"0,00",e9ca5c73-0d16-4711-b4a7-f11e8190a581
19-03-2026,16:11,19-03-2026,BROOKFIELD ASSET MANAGEMENT LTD,CA1130041058,Retirada Cambio de Divisa,,EUR,"-2038,24",EUR,"259,40",e9ca5c73-0d16-4711-b4a7-f11e8190a581
19-03-2026,16:11,19-03-2026,BROOKFIELD ASSET MANAGEMENT LTD,CA1130041058,Costes de transacción y/o externos de DEGIRO,,EUR,"-2,00",EUR,"2297,64",e9ca5c73-0d16-4711-b4a7-f11e8190a581
19-03-2026,16:11,19-03-2026,BROOKFIELD ASSET MANAGEMENT LTD,CA1130041058,"Compra 54 BROOKFIELD ASSET MANAGEMENT LTD CLASS A@43,4 USD (CA1130041058)",,USD,"-2343,60",USD,"-2343,60",e9ca5c73-0d16-4711-b4a7-f11e8190a581
19-03-2026,14:31,19-03-2026,,,Degiro Cash Sweep Transfer,,EUR,"-1688,79",EUR,"2299,64",
19-03-2026,14:31,19-03-2026,,,"Transferir a su Cuenta de Efectivo en flatexDEGIRO Bank: 1.688,79 EUR",,,,EUR,"3988,43",
19-03-2026,13:49,19-03-2026,NESTLE SA,CH0038863350,Retirada Cambio de Divisa,"0,9140",CHF,"-1548,00",CHF,"0,00",e970630e-ccfb-475b-99a2-307cfc3562f5
19-03-2026,13:49,19-03-2026,NESTLE SA,CH0038863350,Ingreso Cambio de Divisa,,EUR,"1693,69",EUR,"2299,64",e970630e-ccfb-475b-99a2-307cfc3562f5
19-03-2026,13:49,19-03-2026,NESTLE SA,CH0038863350,Costes de transacción y/o externos de DEGIRO,,EUR,"-4,90",EUR,"605,95",e970630e-ccfb-475b-99a2-307cfc3562f5
19-03-2026,13:49,19-03-2026,NESTLE SA,CH0038863350,"Venta 20 Nestle SA@77,4 CHF (CH0038863350)",,CHF,"1548,00",CHF,"1548,00",e970630e-ccfb-475b-99a2-307cfc3562f5
18-03-2026,19:20,18-03-2026,,,Degiro Cash Sweep Transfer,,EUR,"2788,19",EUR,"610,85",
18-03-2026,19:20,18-03-2026,,,"Transferir desde su Cuenta de Efectivo en flatexDEGIRO Bank: 2.788,19 EUR",,,,EUR,"-2177,34",
18-03-2026,18:46,18-03-2026,OTIS WORLDWIDE CORP,US68902V1070,Ingreso Cambio de Divisa,"1,1485",USD,"3200,00",USD,"0,00",404046e3-78b1-43c9-8a45-6e896a798429
18-03-2026,18:46,18-03-2026,OTIS WORLDWIDE CORP,US68902V1070,Retirada Cambio de Divisa,,EUR,"-2786,19",EUR,"610,85",404046e3-78b1-43c9-8a45-6e896a798429
18-03-2026,18:46,18-03-2026,OTIS WORLDWIDE CORP,US68902V1070,Costes de transacción y/o externos de DEGIRO,,EUR,"-2,00",EUR,"3397,04",404046e3-78b1-43c9-8a45-6e896a798429
18-03-2026,18:46,18-03-2026,OTIS WORLDWIDE CORP,US68902V1070,Compra 40 Otis Worldwide Corp@80 USD (US68902V1070),,USD,"-3200,00",USD,"-3200,00",404046e3-78b1-43c9-8a45-6e896a798429
18-03-2026,17:23,18-03-2026,,,Degiro Cash Sweep Transfer,,EUR,"-2882,14",EUR,"3399,04",
18-03-2026,17:23,18-03-2026,,,"Transferir a su Cuenta de Efectivo en flatexDEGIRO Bank: 2.882,14 EUR",,,,EUR,"6281,18",
18-03-2026,16:46,18-03-2026,VIDRALA SA,ES0183746314,Spanish Transaction Tax,,EUR,"-5,38",EUR,"3399,04",9b8ebd1d-5a0f-49a1-8ce7-ab4167f22129
18-03-2026,16:46,18-03-2026,VIDRALA SA,ES0183746314,Costes de transacción y/o externos de DEGIRO,,EUR,"-2,00",EUR,"3404,42",9b8ebd1d-5a0f-49a1-8ce7-ab4167f22129
18-03-2026,16:46,18-03-2026,VIDRALA SA,ES0183746314,"Compra 36 Vidrala SA@74,7 EUR (ES0183746314)",,EUR,"-2689,20",EUR,"3406,42",9b8ebd1d-5a0f-49a1-8ce7-ab4167f22129
18-03-2026,16:18,18-03-2026,META PLATFORMS INC CLASS A,US30303M1027,Ingreso Cambio de Divisa,"1,1491",USD,"3100,00",USD,"0,00",c612c7f2-f1b4-4cd8-be69-c7f3a1e8ee87
18-03-2026,16:18,18-03-2026,META PLATFORMS INC CLASS A,US30303M1027,Retirada Cambio de Divisa,,EUR,"-2697,72",EUR,"6095,62",c612c7f2-f1b4-4cd8-be69-c7f3a1e8ee87
18-03-2026,16:18,18-03-2026,META PLATFORMS INC CLASS A,US30303M1027,Costes de transacción y/o externos de DEGIRO,,EUR,"-2,00",EUR,"8793,34",c612c7f2-f1b4-4cd8-be69-c7f3a1e8ee87
18-03-2026,16:18,18-03-2026,META PLATFORMS INC CLASS A,US30303M1027,Compra 5 Meta Platforms Inc Class A@620 USD (US30303M1027),,USD,"-3100,00",USD,"-3100,00",c612c7f2-f1b4-4cd8-be69-c7f3a1e8ee87
18-03-2026,16:05,18-03-2026,LYONDELLBASELL INDUSTRIES NV CLASS A,NL0009434992,Retirada Cambio de Divisa,"1,1552",USD,"-2207,40",USD,"0,00",6a46849a-e68c-4d67-b545-fcf1485ab236
18-03-2026,16:05,18-03-2026,LYONDELLBASELL INDUSTRIES NV CLASS A,NL0009434992,Ingreso Cambio de Divisa,,EUR,"1910,87",EUR,"8795,34",6a46849a-e68c-4d67-b545-fcf1485ab236
18-03-2026,16:05,18-03-2026,LYONDELLBASELL INDUSTRIES NV CLASS A,NL0009434992,Retirada Cambio de Divisa,"1,1552",USD,"-7358,00",USD,"2207,40",6a46849a-e68c-4d67-b545-fcf1485ab236
18-03-2026,16:05,18-03-2026,LYONDELLBASELL INDUSTRIES NV CLASS A,NL0009434992,Ingreso Cambio de Divisa,,EUR,"6369,57",EUR,"6884,47",6a46849a-e68c-4d67-b545-fcf1485ab236
18-03-2026,16:05,18-03-2026,LYONDELLBASELL INDUSTRIES NV CLASS A,NL0009434992,Costes de transacción y/o externos de DEGIRO,,EUR,"-2,00",EUR,"514,90",6a46849a-e68c-4d67-b545-fcf1485ab236
18-03-2026,16:05,18-03-2026,LYONDELLBASELL INDUSTRIES NV CLASS A,NL0009434992,"Venta 30 LyondellBasell Industries NV Class A@73,58 USD (NL0009434992)",,USD,"2207,40",USD,"9565,40",6a46849a-e68c-4d67-b545-fcf1485ab236
18-03-2026,16:05,18-03-2026,LYONDELLBASELL INDUSTRIES NV CLASS A,NL0009434992,"Venta 100 LyondellBasell Industries NV Class A@73,58 USD (NL0009434992)",,USD,"7358,00",USD,"7358,00",6a46849a-e68c-4d67-b545-fcf1485ab236
18-03-2026,08:17,18-03-2026,,,Degiro Cash Sweep Transfer,,EUR,"-5,86",EUR,"516,90",
18-03-2026,08:17,18-03-2026,,,"Transferir a su Cuenta de Efectivo en flatexDEGIRO Bank: 5,86 EUR",,,,EUR,"522,76",
18-03-2026,06:52,17-03-2026,,,Ingreso Cambio de Divisa,,EUR,"5,86",EUR,"516,90",
18-03-2026,06:52,17-03-2026,,,Retirada Cambio de Divisa,"1,1570",USD,"-6,78",USD,"0,00",
17-03-2026,15:31,17-03-2026,,,Degiro Cash Sweep Transfer,,EUR,"-440,95",EUR,"511,04",
17-03-2026,15:31,17-03-2026,,,"Transferir a su Cuenta de Efectivo en flatexDEGIRO Bank: 440,95 EUR",,,,EUR,"951,99",
17-03-2026,14:56,17-03-2026,ADOBE INC,US00724F1012,Retirada Cambio de Divisa,"1,1559",USD,"-512,00",USD,"6,78",3b9d6b5a-fb38-4255-8261-47a8b35132a9
17-03-2026,14:56,17-03-2026,ADOBE INC,US00724F1012,Ingreso Cambio de Divisa,,EUR,"442,95",EUR,"511,04",3b9d6b5a-fb38-4255-8261-47a8b35132a9
17-03-2026,14:56,17-03-2026,ADOBE INC,US00724F1012,Costes de transacción y/o externos de DEGIRO,,EUR,"-2,00",EUR,"68,09",3b9d6b5a-fb38-4255-8261-47a8b35132a9
17-03-2026,14:56,17-03-2026,ADOBE INC,US00724F1012,Venta 2 Adobe Inc@256 USD (US00724F1012),,USD,"512,00",USD,"518,78",3b9d6b5a-fb38-4255-8261-47a8b35132a9
17-03-2026,08:10,16-03-2026,ALPHABET INC CLASS A,US02079K3059,Retención del dividendo,,USD,"1,20",USD,"6,78",
17-03-2026,08:10,16-03-2026,ALPHABET INC CLASS A,US02079K3059,Dividendo,,USD,"-7,98",USD,"5,58",
17-03-2026,07:48,16-03-2026,ALPHABET INC CLASS A,US02079K3059,Retención del dividendo,,USD,"-1,20",USD,"13,56",
17-03-2026,07:48,16-03-2026,ALPHABET INC CLASS A,US02079K3059,Dividendo,,USD,"7,98",USD,"14,76",
17-03-2026,07:45,16-03-2026,ALPHABET INC CLASS A,US02079K3059,Retención del dividendo,,USD,"-1,20",USD,"6,78",
17-03-2026,07:45,16-03-2026,ALPHABET INC CLASS A,US02079K3059,Dividendo,,USD,"7,98",USD,"7,98",
17-03-2026,07:44,16-03-2026,ALPHABET INC CLASS A,US02079K3059,Dividendo,,USD,"7,98",USD,"0,00",
17-03-2026,07:44,16-03-2026,ALPHABET INC CLASS A,US02079K3059,Retención del dividendo,,USD,"-1,20",USD,"-7,98",
17-03-2026,07:39,16-03-2026,ALPHABET INC CLASS A,US02079K3059,Dividendo,,USD,"-7,98",USD,"-6,78",
17-03-2026,07:39,16-03-2026,ALPHABET INC CLASS A,US02079K3059,Retención del dividendo,,USD,"1,20",USD,"1,20",
17-03-2026,07:39,16-03-2026,ALPHABET INC CLASS A,US02079K3059,Dividendo,,USD,"-7,98",USD,"0,00",
17-03-2026,07:39,16-03-2026,ALPHABET INC CLASS A,US02079K3059,Retención del dividendo,,USD,"1,20",USD,"7,98",
17-03-2026,07:26,16-03-2026,ALPHABET INC CLASS A,US02079K3059,Retención del dividendo,,USD,"-1,20",USD,"6,78",
17-03-2026,07:26,16-03-2026,ALPHABET INC CLASS A,US02079K3059,Dividendo,,USD,"7,98",USD,"7,98",
16-03-2026,04:40,16-03-2026,,,Degiro Cash Sweep Transfer,,EUR,"-31,28",EUR,"70,09",
16-03-2026,04:40,16-03-2026,,,"Transferir a su Cuenta de Efectivo en flatexDEGIRO Bank: 31,28 EUR",,,,EUR,"101,37",
14-03-2026,06:54,13-03-2026,,,Ingreso Cambio de Divisa,,EUR,"31,28",EUR,"70,09",
14-03-2026,06:54,13-03-2026,,,Retirada Cambio de Divisa,"1,1445",USD,"-35,80",USD,"0,00",
13-03-2026,07:43,13-03-2026,,,Degiro Cash Sweep Transfer,,EUR,"-13,58",EUR,"38,81",
13-03-2026,07:43,13-03-2026,,,"Transferir a su Cuenta de Efectivo en flatexDEGIRO Bank: 13,58 EUR",,,,EUR,"52,39",
13-03-2026,07:26,12-03-2026,3M CO,US88579Y1010,Retención del dividendo,,USD,"-2,22",USD,"35,80",
13-03-2026,07:26,12-03-2026,3M CO,US88579Y1010,Dividendo,,USD,"14,82",USD,"38,02",
13-03-2026,07:20,12-03-2026,MICROSOFT CORP,US5949181045,Retención del dividendo,,USD,"-4,10",USD,"23,20",
13-03-2026,07:20,12-03-2026,MICROSOFT CORP,US5949181045,Dividendo,,USD,"27,30",USD,"27,30",
13-03-2026,06:31,12-03-2026,,,Ingreso Cambio de Divisa,,EUR,"13,58",EUR,"38,81",
13-03-2026,06:31,12-03-2026,,,Retirada Cambio de Divisa,"1,1540",USD,"-15,67",USD,"0,00",
12-03-2026,18:15,12-03-2026,,,Degiro Cash Sweep Transfer,,EUR,"342,50",EUR,"25,23",
12-03-2026,18:15,12-03-2026,,,"Transferir desde su Cuenta de Efectivo en flatexDEGIRO Bank: 342,5 EUR",,,,EUR,"-317,27",
12-03-2026,16:45,12-03-2026,BROOKFIELD ASSET MANAGEMENT LTD,CA1130041058,Ingreso Cambio de Divisa,"1,1495",USD,"391,41",USD,"15,67",51586261-0aea-457b-b061-8b9b8f6fe896
12-03-2026,16:45,12-03-2026,BROOKFIELD ASSET MANAGEMENT LTD,CA1130041058,Retirada Cambio de Divisa,,EUR,"-340,50",EUR,"25,23",51586261-0aea-457b-b061-8b9b8f6fe896
12-03-2026,16:45,12-03-2026,BROOKFIELD ASSET MANAGEMENT LTD,CA1130041058,Costes de transacción y/o externos de DEGIRO,,EUR,"-2,00",EUR,"365,73",51586261-0aea-457b-b061-8b9b8f6fe896
12-03-2026,16:45,12-03-2026,BROOKFIELD ASSET MANAGEMENT LTD,CA1130041058,"Compra 9 BROOKFIELD ASSET MANAGEMENT LTD CLASS A@43,49 USD (CA1130041058)",,USD,"-391,41",USD,"-375,74",51586261-0aea-457b-b061-8b9b8f6fe896
12-03-2026,07:09,11-03-2026,S&P GLOBAL INC,US78409V1044,Dividendo,,USD,"18,43",USD,"15,67",
12-03-2026,07:09,11-03-2026,S&P GLOBAL INC,US78409V1044,Retención del dividendo,,USD,"-2,76",USD,"-2,76",
11-03-2026,07:52,11-03-2026,,,Degiro Cash Sweep Transfer,,EUR,"-77,07",EUR,"367,73",
11-03-2026,07:52,11-03-2026,,,"Transferir a su Cuenta de Efectivo en flatexDEGIRO Bank: 77,07 EUR",,,,EUR,"444,80",
11-03-2026,06:32,10-03-2026,,,Ingreso Cambio de Divisa,,EUR,"77,07",EUR,"367,73",
11-03-2026,06:32,10-03-2026,,,Retirada Cambio de Divisa,"1,1639",USD,"-89,70",USD,"0,00",
10-03-2026,06:50,09-03-2026,LYONDELLBASELL INDUSTRIES NV CLASS A,NL0009434992,Dividendo,,USD,"89,70",USD,"89,70",
09-03-2026,14:30,09-03-2026,,,Degiro Cash Sweep Transfer,,EUR,"1340,27",EUR,"290,66",
09-03-2026,14:30,09-03-2026,,,"Transferir desde su Cuenta de Efectivo en flatexDEGIRO Bank: 1.340,27 EUR",,,,EUR,"-1049,61",
09-03-2026,13:44,09-03-2026,VIDRALA SA,ES0183746314,Spanish Transaction Tax,,EUR,"-2,67",EUR,"290,66",637b80b1-a4f0-49cf-acb2-e2e5a1e47269
09-03-2026,13:44,09-03-2026,VIDRALA SA,ES0183746314,Costes de transacción y/o externos de DEGIRO,,EUR,"-2,00",EUR,"293,33",637b80b1-a4f0-49cf-acb2-e2e5a1e47269
09-03-2026,13:44,09-03-2026,VIDRALA SA,ES0183746314,"Compra 18 Vidrala SA@74,2 EUR (ES0183746314)",,EUR,"-1335,60",EUR,"295,33",637b80b1-a4f0-49cf-acb2-e2e5a1e47269
04-03-2026,08:02,04-03-2026,,,Degiro Cash Sweep Transfer,,EUR,"-9,08",EUR,"1630,93",
04-03-2026,08:02,04-03-2026,,,"Transferir a su Cuenta de Efectivo en flatexDEGIRO Bank: 9,08 EUR",,,,EUR,"1640,01",
04-03-2026,06:36,03-03-2026,,,Ingreso Cambio de Divisa,,EUR,"9,08",EUR,"1630,93",
04-03-2026,06:36,03-03-2026,,,Retirada Cambio de Divisa,"1,1642",USD,"-10,57",USD,"0,00",
03-03-2026,20:40,03-03-2026,,,Degiro Cash Sweep Transfer,,EUR,"1025,22",EUR,"1621,85",
03-03-2026,20:40,03-03-2026,,,"Transferir desde su Cuenta de Efectivo en flatexDEGIRO Bank: 1.025,22 EUR",,,,EUR,"596,63",
03-03-2026,16:07,03-03-2026,BROOKFIELD ASSET MANAGEMENT LTD,CA1130041058,Ingreso Cambio de Divisa,"1,1536",USD,"1180,40",USD,"10,57",988d0a15-8902-43e6-8344-7e8037db55d1
03-03-2026,16:07,03-03-2026,BROOKFIELD ASSET MANAGEMENT LTD,CA1130041058,Retirada Cambio de Divisa,,EUR,"-1023,22",EUR,"1621,85",988d0a15-8902-43e6-8344-7e8037db55d1
03-03-2026,16:07,03-03-2026,BROOKFIELD ASSET MANAGEMENT LTD,CA1130041058,Costes de transacción y/o externos de DEGIRO,,EUR,"-2,00",EUR,"2645,07",988d0a15-8902-43e6-8344-7e8037db55d1
03-03-2026,16:07,03-03-2026,BROOKFIELD ASSET MANAGEMENT LTD,CA1130041058,"Compra 26 BROOKFIELD ASSET MANAGEMENT LTD CLASS A@45,4 USD (CA1130041058)",,USD,"-1180,40",USD,"-1169,83",988d0a15-8902-43e6-8344-7e8037db55d1
03-03-2026,07:32,27-02-2026,GLADSTONE INVESTMENT CORP,US3765461070,Retención del dividendo,,USD,"-0,96",USD,"10,57",
03-03-2026,07:32,27-02-2026,GLADSTONE INVESTMENT CORP,US3765461070,Dividendo,,USD,"6,40",USD,"11,53",
03-03-2026,07:27,02-03-2026,VISA INC CLASS A,US92826C8394,Dividendo,,USD,"6,03",USD,"5,13",
03-03-2026,07:26,02-03-2026,VISA INC CLASS A,US92826C8394,Retención del dividendo,,USD,"-0,90",USD,"-0,90",
25-02-2026,18:31,25-02-2026,,,Degiro Cash Sweep Transfer,,EUR,"41,25",EUR,"2647,07",
25-02-2026,18:31,25-02-2026,,,"Transferir desde su Cuenta de Efectivo en flatexDEGIRO Bank: 41,25 EUR",,,,EUR,"2605,82",
25-02-2026,17:31,25-02-2026,,,Degiro Cash Sweep Transfer,,EUR,"-41,25",EUR,"2647,07",
25-02-2026,17:31,25-02-2026,,,"Transferir a su Cuenta de Efectivo en flatexDEGIRO Bank: 41,25 EUR",,,,EUR,"2688,32",
25-02-2026,17:00,25-02-2026,,,Degiro Cash Sweep Transfer,,EUR,"-41,25",EUR,"2647,07",
25-02-2026,17:00,25-02-2026,,,"Transferir a su Cuenta de Efectivo en flatexDEGIRO Bank: 41,25 EUR",,,,EUR,"2688,32",
25-02-2026,15:37,25-02-2026,SAN C11.00 20MAR26,ES0A06518781,Costes de transacción y/o externos de DEGIRO,,EUR,"-0,75",EUR,"2647,07",1c256344-7676-4b1b-89d7-25b1b954ef6c
25-02-2026,15:37,25-02-2026,SAN C11.00 20MAR26,ES0A06518781,"Venta 1 SAN C11.00 20MAR26@0,42 EUR (ES0A06518781)",,EUR,"42,00",EUR,"2647,82",1c256344-7676-4b1b-89d7-25b1b954ef6c
24-02-2026,22:10,24-02-2026,,,Degiro Cash Sweep Transfer,,EUR,"2297,41",EUR,"2605,82",
24-02-2026,22:10,24-02-2026,,,"Transferir desde su Cuenta de Efectivo en flatexDEGIRO Bank: 2.297,41 EUR",,,,EUR,"308,41",
24-02-2026,20:08,24-02-2026,OTIS WORLDWIDE CORP,US68902V1070,Ingreso Cambio de Divisa,"1,1750",USD,"2697,00",USD,"0,00",3441c39a-372f-4abf-bd86-0332437c4485
24-02-2026,20:08,24-02-2026,OTIS WORLDWIDE CORP,US68902V1070,Retirada Cambio de Divisa,,EUR,"-2295,41",EUR,"2605,82",3441c39a-372f-4abf-bd86-0332437c4485
24-02-2026,20:08,24-02-2026,OTIS WORLDWIDE CORP,US68902V1070,Costes de transacción y/o externos de DEGIRO,,EUR,"-2,00",EUR,"4901,23",3441c39a-372f-4abf-bd86-0332437c4485
24-02-2026,20:08,24-02-2026,OTIS WORLDWIDE CORP,US68902V1070,"Compra 30 Otis Worldwide Corp@89,9 USD (US68902V1070)",,USD,"-2697,00",USD,"-2697,00",3441c39a-372f-4abf-bd86-0332437c4485
24-02-2026,17:33,24-02-2026,,,Degiro Cash Sweep Transfer,,EUR,"-1810,68",EUR,"4903,23",
24-02-2026,17:33,24-02-2026,,,"Transferir a su Cuenta de Efectivo en flatexDEGIRO Bank: 1.810,68 EUR",,,,EUR,"6713,91",
24-02-2026,16:27,24-02-2026,GLOBANT SA,LU0974299876,Costes de transacción y/o externos de DEGIRO,,EUR,"-3,90",EUR,"4903,23",285e6350-6690-42f0-b316-4659c3922f89
24-02-2026,16:27,24-02-2026,GLOBANT SA,LU0974299876,"Venta 51 Globant SA@35,58 EUR (LU0974299876)",,EUR,"1814,58",EUR,"4907,13",285e6350-6690-42f0-b316-4659c3922f89
24-02-2026,05:44,23-02-2026,,,Degiro Cash Sweep Transfer,,EUR,"1616,61",EUR,"3092,55",
24-02-2026,05:44,23-02-2026,,,"Transferir desde su Cuenta de Efectivo en flatexDEGIRO Bank: 1.616,61 EUR",,,,EUR,"1475,94",
23-02-2026,16:09,23-02-2026,MICROSOFT CORP,US5949181045,Ingreso Cambio de Divisa,"1,1777",USD,"1164,00",USD,"0,00",7a923307-c08c-4c20-b24a-ff917618721c
23-02-2026,16:09,23-02-2026,MICROSOFT CORP,US5949181045,Retirada Cambio de Divisa,,EUR,"-988,33",EUR,"3092,55",7a923307-c08c-4c20-b24a-ff917618721c
23-02-2026,16:09,23-02-2026,MICROSOFT CORP,US5949181045,Costes de transacción y/o externos de DEGIRO,,EUR,"-2,00",EUR,"4080,88",7a923307-c08c-4c20-b24a-ff917618721c
23-02-2026,16:09,23-02-2026,MICROSOFT CORP,US5949181045,Compra 3 Microsoft Corp@388 USD (US5949181045),,USD,"-1164,00",USD,"-1164,00",7a923307-c08c-4c20-b24a-ff917618721c
23-02-2026,16:04,23-02-2026,BROOKFIELD ASSET MANAGEMENT LTD,CA1130041058,Ingreso Cambio de Divisa,"1,1773",USD,"735,00",USD,"0,00",46d7ab99-e3c4-4d46-9257-681c17066cad
23-02-2026,16:04,23-02-2026,BROOKFIELD ASSET MANAGEMENT LTD,CA1130041058,Retirada Cambio de Divisa,,EUR,"-624,28",EUR,"4082,88",46d7ab99-e3c4-4d46-9257-681c17066cad
23-02-2026,16:04,23-02-2026,BROOKFIELD ASSET MANAGEMENT LTD,CA1130041058,Costes de transacción y/o externos de DEGIRO,,EUR,"-2,00",EUR,"4707,16",46d7ab99-e3c4-4d46-9257-681c17066cad
23-02-2026,16:04,23-02-2026,BROOKFIELD ASSET MANAGEMENT LTD,CA1130041058,Compra 15 BROOKFIELD ASSET MANAGEMENT LTD CLASS A@49 USD (CA1130041058),,USD,"-735,00",USD,"-735,00",46d7ab99-e3c4-4d46-9257-681c17066cad
23-02-2026,15:35,23-02-2026,,,Degiro Cash Sweep Transfer,,EUR,"37,50",EUR,"4709,16",
23-02-2026,15:35,23-02-2026,,,"Transferir desde su Cuenta de Efectivo en flatexDEGIRO Bank: 37,5 EUR",,,,EUR,"4671,66",
23-02-2026,10:46,31-01-2026,,,Comisión de conectividad con el mercado 2026 (Euronext Derivatives - LFF),,EUR,"-2,50",EUR,"4709,16",
23-02-2026,10:46,31-01-2026,,,Comisión de conectividad con el mercado 2026 (SIX Swiss Exchange (SWX) - SWX),,EUR,"-2,50",EUR,"4711,66",
23-02-2026,10:46,31-01-2026,,,Comisión de conectividad con el mercado 2026 (Warsaw Stock Exchange - WSE),,EUR,"-2,50",EUR,"4714,16",
23-02-2026,10:46,31-01-2026,,,Comisión de conectividad con el mercado 2026 (Euronext Paris - EPA),,EUR,"-2,50",EUR,"4716,66",
23-02-2026,10:46,31-01-2026,,,Comisión de conectividad con el mercado 2026 (New York Stock Exchange - NSY),,EUR,"-2,50",EUR,"4719,16",
23-02-2026,10:46,31-01-2026,,,Comisión de conectividad con el mercado 2026 (Nasdaq - NDQ),,EUR,"-2,50",EUR,"4721,66",
23-02-2026,10:46,31-01-2026,,,Comisión de conectividad con el mercado 2026 (Euronext Milan - MIL),,EUR,"-2,50",EUR,"4724,16",
23-02-2026,10:46,31-01-2026,,,Comisión de conectividad con el mercado 2026 (Mercado Espanol de Futuros Financieros (MEFF) - MEF),,EUR,"-2,50",EUR,"4726,66",
23-02-2026,10:46,31-01-2026,,,Comisión de conectividad con el mercado 2026 (London Stock Exchange (LSE) - LSE),,EUR,"-2,50",EUR,"4729,16",
23-02-2026,10:46,31-01-2026,,,Comisión de conectividad con el mercado 2026 (Nasdaq Copenhagen AB - OMK),,EUR,"-2,50",EUR,"4731,66",
23-02-2026,10:46,31-01-2026,,,Comisión de conectividad con el mercado 2026 (Hong Kong Stock Exchange - HKS),,EUR,"-2,50",EUR,"4734,16",
23-02-2026,10:46,31-01-2026,,,Comisión de conectividad con el mercado 2026 (Euronext Amsterdam - EAM),,EUR,"-2,50",EUR,"4736,66",
23-02-2026,10:46,31-01-2026,,,Comisión de conectividad con el mercado 2026 (Tradegate AG - TDG),,EUR,"-2,50",EUR,"4739,16",
23-02-2026,10:46,31-01-2026,,,Comisión de conectividad con el mercado 2026 (Xetra - XET),,EUR,"-2,50",EUR,"4741,66",
23-02-2026,10:46,31-01-2026,,,Comisión de conectividad con el mercado 2026 (Eurex - ERX),,EUR,"-2,50",EUR,"4744,16",
19-02-2026,18:20,19-02-2026,,,Degiro Cash Sweep Transfer,,EUR,"1071,37",EUR,"4746,66",
19-02-2026,18:20,19-02-2026,,,"Transferir desde su Cuenta de Efectivo en flatexDEGIRO Bank: 1.071,37 EUR",,,,EUR,"3675,29",
19-02-2026,17:33,19-02-2026,,,Degiro Cash Sweep Transfer,,EUR,"-1943,22",EUR,"4746,66",
19-02-2026,17:33,19-02-2026,,,"Transferir a su Cuenta de Efectivo en flatexDEGIRO Bank: 1.943,22 EUR",,,,EUR,"6689,88",
19-02-2026,17:10,19-02-2026,BROOKFIELD ASSET MANAGEMENT LTD,CA1130041058,Ingreso Cambio de Divisa,"1,1734",USD,"1254,75",USD,"0,00",cba421a7-89c0-47f4-baae-f27323629e79
19-02-2026,17:10,19-02-2026,BROOKFIELD ASSET MANAGEMENT LTD,CA1130041058,Retirada Cambio de Divisa,,EUR,"-1069,37",EUR,"4746,66",cba421a7-89c0-47f4-baae-f27323629e79
19-02-2026,17:10,19-02-2026,BROOKFIELD ASSET MANAGEMENT LTD,CA1130041058,Costes de transacción y/o externos de DEGIRO,,EUR,"-2,00",EUR,"5816,03",cba421a7-89c0-47f4-baae-f27323629e79
19-02-2026,17:10,19-02-2026,BROOKFIELD ASSET MANAGEMENT LTD,CA1130041058,"Compra 25 BROOKFIELD ASSET MANAGEMENT LTD CLASS A@50,19 USD (CA1130041058)",,USD,"-1254,75",USD,"-1254,75",cba421a7-89c0-47f4-baae-f27323629e79
19-02-2026,16:54,19-02-2026,ITALIAN SEA GROUP SPA,IT0005439085,Costes de transacción y/o externos de DEGIRO,,EUR,"-4,90",EUR,"5818,03",f610aa93-f0dd-4a14-8aba-c4942c1df76d
19-02-2026,16:54,19-02-2026,ITALIAN SEA GROUP SPA,IT0005439085,"Venta 616 Italian Sea Group SpA@2,705 EUR (IT0005439085)",,EUR,"1666,28",EUR,"5822,93",f610aa93-f0dd-4a14-8aba-c4942c1df76d
19-02-2026,16:54,19-02-2026,ITALIAN SEA GROUP SPA,IT0005439085,"Venta 104 Italian Sea Group SpA@2,71 EUR (IT0005439085)",,EUR,"281,84",EUR,"4156,65",f610aa93-f0dd-4a14-8aba-c4942c1df76d
19-02-2026,08:43,19-02-2026,,,Degiro Cash Sweep Transfer,,EUR,"-1,36",EUR,"3874,81",
19-02-2026,08:43,19-02-2026,,,"Transferir a su Cuenta de Efectivo en flatexDEGIRO Bank: 1,36 EUR",,,,EUR,"3876,17",
19-02-2026,07:08,18-02-2026,ASML HOLDING NV,NL0010273215,Retención del dividendo,,EUR,"-0,24",EUR,"3874,81",
19-02-2026,07:05,18-02-2026,ASML HOLDING NV,NL0010273215,Dividendo,,EUR,"1,60",EUR,"3875,05",
18-02-2026,16:31,18-02-2026,,,Degiro Cash Sweep Transfer,,EUR,"1114,22",EUR,"3873,45",
18-02-2026,16:31,18-02-2026,,,"Transferir desde su Cuenta de Efectivo en flatexDEGIRO Bank: 1.114,22 EUR",,,,EUR,"2759,23",
18-02-2026,15:53,18-02-2026,BROOKFIELD ASSET MANAGEMENT LTD,CA1130041058,Ingreso Cambio de Divisa,"1,1789",USD,"1311,25",USD,"0,00",9e49f57d-deb6-4406-a062-90bdb209361f
18-02-2026,15:53,18-02-2026,BROOKFIELD ASSET MANAGEMENT LTD,CA1130041058,Retirada Cambio de Divisa,,EUR,"-1112,22",EUR,"3873,45",9e49f57d-deb6-4406-a062-90bdb209361f
18-02-2026,15:53,18-02-2026,BROOKFIELD ASSET MANAGEMENT LTD,CA1130041058,Costes de transacción y/o externos de DEGIRO,,EUR,"-2,00",EUR,"4985,67",9e49f57d-deb6-4406-a062-90bdb209361f
18-02-2026,15:53,18-02-2026,BROOKFIELD ASSET MANAGEMENT LTD,CA1130041058,"Compra 25 BROOKFIELD ASSET MANAGEMENT LTD CLASS A@52,45 USD (CA1130041058)",,USD,"-1311,25",USD,"-1311,25",9e49f57d-deb6-4406-a062-90bdb209361f
17-02-2026,21:03,17-02-2026,,,Degiro Cash Sweep Transfer,,EUR,"1072,10",EUR,"4987,67",
17-02-2026,21:03,17-02-2026,,,"Transferir desde su Cuenta de Efectivo en flatexDEGIRO Bank: 1.072,1 EUR",,,,EUR,"3915,57",
17-02-2026,15:31,17-02-2026,BLUE OWL CAPITAL CORP,US69121K1043,Ingreso Cambio de Divisa,"1,1790",USD,"114,70",USD,"0,00",ad4b33a8-f755-4b74-8859-884d14448f0e
17-02-2026,15:31,17-02-2026,BLUE OWL CAPITAL CORP,US69121K1043,Retirada Cambio de Divisa,,EUR,"-97,28",EUR,"4987,67",ad4b33a8-f755-4b74-8859-884d14448f0e
17-02-2026,15:31,17-02-2026,BLUE OWL CAPITAL CORP,US69121K1043,Ingreso Cambio de Divisa,"1,1790",USD,"1147,00",USD,"-114,70",ad4b33a8-f755-4b74-8859-884d14448f0e
17-02-2026,15:31,17-02-2026,BLUE OWL CAPITAL CORP,US69121K1043,Retirada Cambio de Divisa,,EUR,"-972,82",EUR,"5084,95",ad4b33a8-f755-4b74-8859-884d14448f0e
17-02-2026,15:31,17-02-2026,BLUE OWL CAPITAL CORP,US69121K1043,Costes de transacción y/o externos de DEGIRO,,EUR,"-2,00",EUR,"6057,77",ad4b33a8-f755-4b74-8859-884d14448f0e
17-02-2026,15:31,17-02-2026,BLUE OWL CAPITAL CORP,US69121K1043,"Compra 10 Blue Owl Capital Corp@11,47 USD (US69121K1043)",,USD,"-114,70",USD,"-1261,70",ad4b33a8-f755-4b74-8859-884d14448f0e
17-02-2026,15:31,17-02-2026,BLUE OWL CAPITAL CORP,US69121K1043,"Compra 100 Blue Owl Capital Corp@11,47 USD (US69121K1043)",,USD,"-1147,00",USD,"-1147,00",ad4b33a8-f755-4b74-8859-884d14448f0e
17-02-2026,13:40,17-02-2026,,,Degiro Cash Sweep Transfer,,EUR,"-3688,28",EUR,"6059,77",
17-02-2026,13:40,17-02-2026,,,"Transferir a su Cuenta de Efectivo en flatexDEGIRO Bank: 3.688,28 EUR",,,,EUR,"9748,05",
17-02-2026,12:37,17-02-2026,VODAFONE GROUP PLC,GB00BH4HKS39,Retirada Cambio de Divisa,"87,3981",GBP,"-2290,00",GBP,"0,00",39e8b2dd-1a26-4351-a5dd-df14e6476a18
17-02-2026,12:37,17-02-2026,VODAFONE GROUP PLC,GB00BH4HKS39,Ingreso Cambio de Divisa,,EUR,"2620,20",EUR,"6059,77",39e8b2dd-1a26-4351-a5dd-df14e6476a18
17-02-2026,12:37,17-02-2026,VODAFONE GROUP PLC,GB00BH4HKS39,Costes de transacción y/o externos de DEGIRO,,EUR,"-4,90",EUR,"3439,57",39e8b2dd-1a26-4351-a5dd-df14e6476a18
17-02-2026,12:37,17-02-2026,VODAFONE GROUP PLC,GB00BH4HKS39,"Venta 2.000 Vodafone Group PLC@114,5 GBX (GB00BH4HKS39)",,GBP,"2290,00",GBP,"2290,00",39e8b2dd-1a26-4351-a5dd-df14e6476a18
17-02-2026,12:32,17-02-2026,BAYERISCHE MOTOREN WERKE AG,DE0005190003,Costes de transacción y/o externos de DEGIRO,,EUR,"-3,90",EUR,"3444,47",e9fdb044-e521-41f7-9da5-928f317bb5c7
17-02-2026,12:32,17-02-2026,BAYERISCHE MOTOREN WERKE AG,DE0005190003,"Venta 12 Bayerische Motoren Werke AG@89,74 EUR (DE0005190003)",,EUR,"1076,88",EUR,"3448,37",e9fdb044-e521-41f7-9da5-928f317bb5c7
16-02-2026,16:52,16-02-2026,,,Degiro Cash Sweep Transfer,,EUR,"-2038,00",EUR,"2371,49",
16-02-2026,16:52,16-02-2026,,,Transferir a su Cuenta de Efectivo en flatexDEGIRO Bank: 2.038 EUR,,,,EUR,"4409,49",
16-02-2026,15:06,16-02-2026,ACS ACTIVIDADES DE CONSTRUCCION Y,ES0167050915,Costes de transacción y/o externos de DEGIRO,,EUR,"-2,00",EUR,"2371,49",9c8fcc26-7e5a-4193-9776-6d3c3f50b540
16-02-2026,15:06,16-02-2026,ACS ACTIVIDADES DE CONSTRUCCION Y,ES0167050915,Venta 20 ACS Actividades de Construccion y Servicios SA@102 EUR (ES0167050915),,EUR,"2040,00",EUR,"2373,49",9c8fcc26-7e5a-4193-9776-6d3c3f50b540
13-02-2026,17:31,13-02-2026,,,Degiro Cash Sweep Transfer,,EUR,"1354,23",EUR,"333,49",
13-02-2026,17:31,13-02-2026,,,"Transferir desde su Cuenta de Efectivo en flatexDEGIRO Bank: 1.354,23 EUR",,,,EUR,"-1020,74",
13-02-2026,16:44,13-02-2026,MICROSOFT CORP,US5949181045,Ingreso Cambio de Divisa,"1,1832",USD,"1600,00",USD,"0,00",764922c6-ab7a-44ad-8198-dc8264550a96
13-02-2026,16:44,13-02-2026,MICROSOFT CORP,US5949181045,Retirada Cambio de Divisa,,EUR,"-1352,23",EUR,"333,49",764922c6-ab7a-44ad-8198-dc8264550a96
13-02-2026,16:44,13-02-2026,MICROSOFT CORP,US5949181045,Costes de transacción y/o externos de DEGIRO,,EUR,"-2,00",EUR,"1685,72",764922c6-ab7a-44ad-8198-dc8264550a96
13-02-2026,16:44,13-02-2026,MICROSOFT CORP,US5949181045,Compra 4 Microsoft Corp@400 USD (US5949181045),,USD,"-1600,00",USD,"-1600,00",764922c6-ab7a-44ad-8198-dc8264550a96
13-02-2026,13:32,13-02-2026,,,Degiro Cash Sweep Transfer,,EUR,"-1328,40",EUR,"1687,72",
13-02-2026,13:32,13-02-2026,,,"Transferir a su Cuenta de Efectivo en flatexDEGIRO Bank: 1.328,4 EUR",,,,EUR,"3016,12",
13-02-2026,12:59,13-02-2026,LOGISTA INTEGRAL SA,ES0105027009,Costes de transacción y/o externos de DEGIRO,,EUR,"-2,00",EUR,"1687,72",008006f0-0d9a-4798-b7b8-7e77c414db53
13-02-2026,12:59,13-02-2026,LOGISTA INTEGRAL SA,ES0105027009,"Venta 40 Logista Integral SA@33,26 EUR (ES0105027009)",,EUR,"1330,40",EUR,"1689,72",008006f0-0d9a-4798-b7b8-7e77c414db53
10-02-2026,17:01,10-02-2026,,,Degiro Cash Sweep Transfer,,EUR,"52,75",EUR,"359,32",
10-02-2026,17:01,10-02-2026,,,"Transferir desde su Cuenta de Efectivo en flatexDEGIRO Bank: 52,75 EUR",,,,EUR,"306,57",
10-02-2026,15:38,10-02-2026,SAN C10.50 20FEB26,ES0A06743702,Costes de transacción y/o externos de DEGIRO,,EUR,"-0,75",EUR,"359,32",63138538-2e1c-4862-afae-add87ab56b51
10-02-2026,15:38,10-02-2026,SAN C10.50 20FEB26,ES0A06743702,"Compra 1 SAN C10.50 20FEB26@0,52 EUR (ES0A06743702)",,EUR,"-52,00",EUR,"360,07",63138538-2e1c-4862-afae-add87ab56b51
09-02-2026,03:48,09-02-2026,,,Degiro Cash Sweep Transfer,,EUR,"-44,84",EUR,"412,07",
09-02-2026,03:48,09-02-2026,,,"Transferir a su Cuenta de Efectivo en flatexDEGIRO Bank: 44,84 EUR",,,,EUR,"456,91",
07-02-2026,06:30,06-02-2026,,,Ingreso Cambio de Divisa,,EUR,"44,84",EUR,"412,07",
07-02-2026,06:30,06-02-2026,,,Retirada Cambio de Divisa,"0,8702",GBP,"-39,02",GBP,"0,00",
06-02-2026,09:50,06-02-2026,,,Degiro Cash Sweep Transfer,,EUR,"-13,70",EUR,"367,23",
06-02-2026,09:50,06-02-2026,,,"Transferir a su Cuenta de Efectivo en flatexDEGIRO Bank: 13,7 EUR",,,,EUR,"380,93",
06-02-2026,08:16,05-02-2026,ACS ACTIVIDADES DE CONSTRUCCION Y,ES06670509S9,DESLISTAMIENTO : Venta 37 ACS Actividades de Construccion y Servicios SA - Non tradeable@0 EUR (ES06670509S9),,EUR,"0,00",EUR,"367,23",
06-02-2026,08:16,05-02-2026,ACS ACTIVIDADES DE CONSTRUCCION Y,ES06670509S9,Dividendo,,EUR,"16,91",EUR,"367,23",
06-02-2026,08:16,05-02-2026,ACS ACTIVIDADES DE CONSTRUCCION Y,ES06670509S9,Retención del dividendo,,EUR,"-3,21",EUR,"350,32",
06-02-2026,06:54,05-02-2026,VODAFONE GROUP PLC,GB00BH4HKS39,Dividendo,,GBP,"39,02",GBP,"39,02",
05-02-2026,18:53,05-02-2026,,,Degiro Cash Sweep Transfer,,EUR,"249,18",EUR,"353,53",
05-02-2026,18:53,05-02-2026,,,"Transferir desde su Cuenta de Efectivo en flatexDEGIRO Bank: 249,18 EUR",,,,EUR,"104,35",
05-02-2026,16:13,05-02-2026,MICROSOFT CORP,US5949181045,Ingreso Cambio de Divisa,"1,1776",USD,"398,83",USD,"0,00",fe623668-c9d6-4685-8be3-86103f0b2b2a
05-02-2026,16:13,05-02-2026,MICROSOFT CORP,US5949181045,Retirada Cambio de Divisa,,EUR,"-338,67",EUR,"353,53",fe623668-c9d6-4685-8be3-86103f0b2b2a
05-02-2026,16:13,05-02-2026,MICROSOFT CORP,US5949181045,Costes de transacción y/o externos de DEGIRO,,EUR,"-2,00",EUR,"692,20",fe623668-c9d6-4685-8be3-86103f0b2b2a
05-02-2026,16:13,05-02-2026,MICROSOFT CORP,US5949181045,"Compra 1 Microsoft Corp@398,83 USD (US5949181045)",,USD,"-398,83",USD,"-398,83",fe623668-c9d6-4685-8be3-86103f0b2b2a
05-02-2026,16:10,05-02-2026,GLOBANT SA,LU0974299876,Costes de transacción y/o externos de DEGIRO,,EUR,"-3,90",EUR,"694,20",254ecedd-0515-4201-86a7-febeebc63b6b
05-02-2026,16:10,05-02-2026,GLOBANT SA,LU0974299876,"Venta 25 Globant SA@49,5 EUR (LU0974299876)",,EUR,"1237,50",EUR,"698,10",254ecedd-0515-4201-86a7-febeebc63b6b
05-02-2026,16:07,05-02-2026,UBER TECHNOLOGIES INC,US90353T1007,Ingreso Cambio de Divisa,"1,1771",USD,"1342,08",USD,"0,00",51f5eaab-0bf8-4ba4-98bc-bc25e93cb04d
05-02-2026,16:07,05-02-2026,UBER TECHNOLOGIES INC,US90353T1007,Retirada Cambio de Divisa,,EUR,"-1140,11",EUR,"-539,40",51f5eaab-0bf8-4ba4-98bc-bc25e93cb04d
05-02-2026,16:07,05-02-2026,UBER TECHNOLOGIES INC,US90353T1007,Costes de transacción y/o externos de DEGIRO,,EUR,"-2,00",EUR,"600,71",51f5eaab-0bf8-4ba4-98bc-bc25e93cb04d
05-02-2026,16:07,05-02-2026,UBER TECHNOLOGIES INC,US90353T1007,"Compra 18 Uber Technologies Inc@74,56 USD (US90353T1007)",,USD,"-1342,08",USD,"-1342,08",51f5eaab-0bf8-4ba4-98bc-bc25e93cb04d
04-02-2026,07:41,04-02-2026,,,Degiro Cash Sweep Transfer,,EUR,"-4,59",EUR,"602,71",
04-02-2026,07:41,04-02-2026,,,"Transferir a su Cuenta de Efectivo en flatexDEGIRO Bank: 4,59 EUR",,,,EUR,"607,30",
04-02-2026,06:34,03-02-2026,,,Ingreso Cambio de Divisa,,EUR,"4,59",EUR,"602,71",
04-02-2026,06:34,03-02-2026,,,Retirada Cambio de Divisa,"1,1848",USD,"-5,44",USD,"0,00",
03-02-2026,21:41,03-02-2026,,,Degiro Cash Sweep Transfer,,EUR,"698,01",EUR,"598,12",
03-02-2026,21:41,03-02-2026,,,"Transferir desde su Cuenta de Efectivo en flatexDEGIRO Bank: 698,01 EUR",,,,EUR,"-99,89",
03-02-2026,20:34,03-02-2026,MICROSOFT CORP,US5949181045,Ingreso Cambio de Divisa,"1,1781",USD,"820,00",USD,"5,44",d12b77b6-c037-4d30-bbbf-af6717ca2245
03-02-2026,20:34,03-02-2026,MICROSOFT CORP,US5949181045,Retirada Cambio de Divisa,,EUR,"-696,01",EUR,"598,12",d12b77b6-c037-4d30-bbbf-af6717ca2245
03-02-2026,20:34,03-02-2026,MICROSOFT CORP,US5949181045,Costes de transacción y/o externos de DEGIRO,,EUR,"-2,00",EUR,"1294,13",d12b77b6-c037-4d30-bbbf-af6717ca2245
03-02-2026,20:34,03-02-2026,MICROSOFT CORP,US5949181045,Compra 2 Microsoft Corp@410 USD (US5949181045),,USD,"-820,00",USD,"-814,56",d12b77b6-c037-4d30-bbbf-af6717ca2245
03-02-2026,19:00,03-02-2026,,,Degiro Cash Sweep Transfer,,EUR,"532,35",EUR,"1296,13",
03-02-2026,19:00,03-02-2026,,,"Transferir desde su Cuenta de Efectivo en flatexDEGIRO Bank: 532,35 EUR",,,,EUR,"763,78",
03-02-2026,16:34,03-02-2026,UBER TECHNOLOGIES INC,US90353T1007,Ingreso Cambio de Divisa,"1,1774",USD,"940,56",USD,"5,44",5c8ee41f-c5ac-45a1-9272-6bc3a53718e7
03-02-2026,16:34,03-02-2026,UBER TECHNOLOGIES INC,US90353T1007,Retirada Cambio de Divisa,,EUR,"-798,81",EUR,"1296,13",5c8ee41f-c5ac-45a1-9272-6bc3a53718e7
03-02-2026,16:34,03-02-2026,UBER TECHNOLOGIES INC,US90353T1007,Costes de transacción y/o externos de DEGIRO,,EUR,"-2,00",EUR,"2094,94",5c8ee41f-c5ac-45a1-9272-6bc3a53718e7
03-02-2026,16:34,03-02-2026,UBER TECHNOLOGIES INC,US90353T1007,"Compra 12 Uber Technologies Inc@78,38 USD (US90353T1007)",,USD,"-940,56",USD,"-935,12",5c8ee41f-c5ac-45a1-9272-6bc3a53718e7
03-02-2026,16:14,03-02-2026,S&P GLOBAL INC,US78409V1044,Ingreso Cambio de Divisa,"1,1766",USD,"969,08",USD,"5,44",9c55077c-dfff-4046-b2de-34c05d29dbb0
03-02-2026,16:14,03-02-2026,S&P GLOBAL INC,US78409V1044,Retirada Cambio de Divisa,,EUR,"-823,66",EUR,"2096,94",9c55077c-dfff-4046-b2de-34c05d29dbb0
03-02-2026,16:14,03-02-2026,S&P GLOBAL INC,US78409V1044,Costes de transacción y/o externos de DEGIRO,,EUR,"-2,00",EUR,"2920,60",9c55077c-dfff-4046-b2de-34c05d29dbb0
03-02-2026,16:14,03-02-2026,S&P GLOBAL INC,US78409V1044,"Compra 2 S&P Global Inc@484,54 USD (US78409V1044)",,USD,"-969,08",USD,"-963,64",9c55077c-dfff-4046-b2de-34c05d29dbb0
03-02-2026,16:10,03-02-2026,TRANSUNION,US89400J1079,Retirada Cambio de Divisa,"1,1823",USD,"-1296,00",USD,"5,44",57725121-ba94-4ffe-b089-f3e1633bd620
03-02-2026,16:10,03-02-2026,TRANSUNION,US89400J1079,Ingreso Cambio de Divisa,,EUR,"1096,12",EUR,"2922,60",57725121-ba94-4ffe-b089-f3e1633bd620
03-02-2026,16:10,03-02-2026,TRANSUNION,US89400J1079,Costes de transacción y/o externos de DEGIRO,,EUR,"-2,00",EUR,"1826,48",57725121-ba94-4ffe-b089-f3e1633bd620
03-02-2026,16:10,03-02-2026,TRANSUNION,US89400J1079,Venta 18 TransUnion@72 USD (US89400J1079),,USD,"1296,00",USD,"1301,44",57725121-ba94-4ffe-b089-f3e1633bd620
03-02-2026,07:14,30-01-2026,GLADSTONE INVESTMENT CORP,US3765461070,Retención del dividendo,,USD,"-0,96",USD,"5,44",
03-02-2026,07:14,30-01-2026,GLADSTONE INVESTMENT CORP,US3765461070,Dividendo,,USD,"6,40",USD,"6,40",
29-01-2026,20:51,29-01-2026,,,Degiro Cash Sweep Transfer,,EUR,"2181,22",EUR,"1828,48",
29-01-2026,20:51,29-01-2026,,,"Transferir desde su Cuenta de Efectivo en flatexDEGIRO Bank: 2.181,22 EUR",,,,EUR,"-352,74",
29-01-2026,15:40,29-01-2026,MICROSOFT CORP,US5949181045,Ingreso Cambio de Divisa,"1,1938",USD,"2601,57",USD,"0,00",9c5458c8-d82b-4afe-ad8f-e05e350953f5
29-01-2026,15:40,29-01-2026,MICROSOFT CORP,US5949181045,Retirada Cambio de Divisa,,EUR,"-2179,22",EUR,"1828,48",9c5458c8-d82b-4afe-ad8f-e05e350953f5
29-01-2026,15:40,29-01-2026,MICROSOFT CORP,US5949181045,Costes de transacción y/o externos de DEGIRO,,EUR,"-2,00",EUR,"4007,70",9c5458c8-d82b-4afe-ad8f-e05e350953f5
29-01-2026,15:40,29-01-2026,MICROSOFT CORP,US5949181045,"Compra 6 Microsoft Corp@433,595 USD (US5949181045)",,USD,"-2601,57",USD,"-2601,57",9c5458c8-d82b-4afe-ad8f-e05e350953f5
28-01-2026,18:21,28-01-2026,,,Degiro Cash Sweep Transfer,,EUR,"1094,84",EUR,"4009,70",
28-01-2026,18:21,28-01-2026,,,"Transferir desde su Cuenta de Efectivo en flatexDEGIRO Bank: 1.094,84 EUR",,,,EUR,"2914,86",
28-01-2026,17:35,28-01-2026,LVMH MOET HENNESSY LOUIS VUITTON SE,FR0000121014,Costes de transacción y/o externos de DEGIRO,,EUR,"-4,90",EUR,"4009,70",162b4d39-076f-46e2-bcc2-d9e332d4f3d6
28-01-2026,17:35,28-01-2026,LVMH MOET HENNESSY LOUIS VUITTON SE,FR0000121014,Impuesto de transacción Francés,,EUR,"-4,34",EUR,"4014,60",162b4d39-076f-46e2-bcc2-d9e332d4f3d6
28-01-2026,17:35,28-01-2026,LVMH MOET HENNESSY LOUIS VUITTON SE,FR0000121014,"Compra 2 LVMH Moet Hennessy Louis Vuitton SE@542,8 EUR (FR0000121014)",,EUR,"-1085,60",EUR,"4018,94",162b4d39-076f-46e2-bcc2-d9e332d4f3d6
26-01-2026,15:27,21-01-2026,ACS ACTIVIDADES DE CONSTRUCCION Y,ES06670509S9,DIVIDENDO FLEXIBLE: Compra 37 ACS Actividades de Construccion y Servicios SA - Non tradeable@0 EUR (ES06670509S9),,EUR,"0,00",EUR,"5104,54",
26-01-2026,15:26,21-01-2026,ACS ACTIVIDADES DE CONSTRUCCION Y,ES06670509S9,DIVIDENDO FLEXIBLE: Venta 37 ACS Actividades de Construccion y Servicios SA@0 EUR (ES06670509S9),,EUR,"0,00",EUR,"5104,54",
23-01-2026,07:51,23-01-2026,,,Degiro Cash Sweep Transfer,,EUR,"-0,30",EUR,"5104,54",
23-01-2026,07:51,23-01-2026,,,"Transferir a su Cuenta de Efectivo en flatexDEGIRO Bank: 0,3 EUR",,,,EUR,"5104,84",
23-01-2026,06:34,22-01-2026,,,Ingreso Cambio de Divisa,,EUR,"0,30",EUR,"5104,54",
23-01-2026,06:34,22-01-2026,,,Retirada Cambio de Divisa,"1,1784",USD,"-0,35",USD,"0,00",
22-01-2026,07:16,21-01-2026,CISCO SYSTEMS INC,US17275R1023,Dividendo,,USD,"0,41",USD,"0,35",
22-01-2026,07:16,21-01-2026,CISCO SYSTEMS INC,US17275R1023,Retención del dividendo,,USD,"-0,06",USD,"-0,06",
21-01-2026,08:07,21-01-2026,ACS ACTIVIDADES DE CONSTRUCCION Y,ES06670509S9,EMISIÓN DE DERECHOS: Compra 37 ACS Actividades de Construccion y Servicios SA@0 EUR (ES06670509S9),,EUR,"0,00",EUR,"5104,24",
19-01-2026,04:21,19-01-2026,,,Degiro Cash Sweep Transfer,,EUR,"-27,78",EUR,"5104,24",
19-01-2026,04:21,19-01-2026,,,"Transferir a su Cuenta de Efectivo en flatexDEGIRO Bank: 27,78 EUR",,,,EUR,"5132,02",
17-01-2026,06:33,16-01-2026,,,Ingreso Cambio de Divisa,,EUR,"27,78",EUR,"5104,24",
17-01-2026,06:33,16-01-2026,,,Retirada Cambio de Divisa,"1,1627",USD,"-32,30",USD,"0,00",
16-01-2026,07:40,15-01-2026,INNOVATIVE INDUSTRIAL PROPERTIES INC,US45781V1017,Retención del dividendo,,USD,"-5,70",USD,"32,30",
16-01-2026,07:40,15-01-2026,INNOVATIVE INDUSTRIAL PROPERTIES INC,US45781V1017,Dividendo,,USD,"38,00",USD,"38,00",
15-01-2026,16:32,15-01-2026,,,Degiro Cash Sweep Transfer,,EUR,"533,98",EUR,"5076,46",
15-01-2026,16:32,15-01-2026,,,"Transferir desde su Cuenta de Efectivo en flatexDEGIRO Bank: 533,98 EUR",,,,EUR,"4542,48",
15-01-2026,15:49,15-01-2026,META PLATFORMS INC CLASS A,US30303M1027,Ingreso Cambio de Divisa,"1,1570",USD,"615,50",USD,"0,00",9ca01d9a-f860-480d-9e08-9de97dbc8139
15-01-2026,15:49,15-01-2026,META PLATFORMS INC CLASS A,US30303M1027,Retirada Cambio de Divisa,,EUR,"-531,98",EUR,"5076,46",9ca01d9a-f860-480d-9e08-9de97dbc8139
15-01-2026,15:49,15-01-2026,META PLATFORMS INC CLASS A,US30303M1027,Costes de transacción y/o externos de DEGIRO,,EUR,"-2,00",EUR,"5608,44",9ca01d9a-f860-480d-9e08-9de97dbc8139
15-01-2026,15:49,15-01-2026,META PLATFORMS INC CLASS A,US30303M1027,"Compra 1 Meta Platforms Inc Class A@615,5 USD (US30303M1027)",,USD,"-615,50",USD,"-615,50",9ca01d9a-f860-480d-9e08-9de97dbc8139
15-01-2026,08:32,15-01-2026,,,Degiro Cash Sweep Transfer,,EUR,"-28,50",EUR,"5610,44",
15-01-2026,08:32,15-01-2026,,,"Transferir a su Cuenta de Efectivo en flatexDEGIRO Bank: 28,5 EUR",,,,EUR,"5638,94",
15-01-2026,07:20,15-01-2026,,,Degiro Cash Sweep Transfer,,EUR,"4,68",EUR,"5610,44",
15-01-2026,07:20,15-01-2026,,,"Transferir desde su Cuenta de Efectivo en flatexDEGIRO Bank: 4,68 EUR",,,,EUR,"5605,76",
15-01-2026,07:14,14-01-2026,GESTAMP AUTOMOCION SA,ES0105223004,Dividendo,,EUR,"35,19",EUR,"5610,44",
15-01-2026,07:14,14-01-2026,GESTAMP AUTOMOCION SA,ES0105223004,Retención del dividendo,,EUR,"-6,69",EUR,"5575,25",
15-01-2026,06:32,14-01-2026,,,Retirada Cambio de Divisa,,EUR,"-4,68",EUR,"5581,94",
15-01-2026,06:32,14-01-2026,,,Ingreso Cambio de Divisa,"1,1615",USD,"5,44",USD,"0,00",
14-01-2026,13:32,14-01-2026,,,Degiro Cash Sweep Transfer,,EUR,"-2067,44",EUR,"5586,62",
14-01-2026,13:32,14-01-2026,,,"Transferir a su Cuenta de Efectivo en flatexDEGIRO Bank: 2.067,44 EUR",,,,EUR,"7654,06",
14-01-2026,12:10,14-01-2026,ZEGONA COMMUNICATIONS PLC,GB00BVGBY890,Retirada Cambio de Divisa,"86,8470",GBP,"-892,05",GBP,"0,00",27836719-9b34-4ded-a774-4a640765f40e
14-01-2026,12:10,14-01-2026,ZEGONA COMMUNICATIONS PLC,GB00BVGBY890,Ingreso Cambio de Divisa,,EUR,"1027,16",EUR,"5586,62",27836719-9b34-4ded-a774-4a640765f40e
14-01-2026,12:10,14-01-2026,ZEGONA COMMUNICATIONS PLC,GB00BVGBY890,Retirada Cambio de Divisa,"86,8470",GBP,"-907,70",GBP,"892,05",27836719-9b34-4ded-a774-4a640765f40e
14-01-2026,12:10,14-01-2026,ZEGONA COMMUNICATIONS PLC,GB00BVGBY890,Ingreso Cambio de Divisa,,EUR,"1045,18",EUR,"4559,46",27836719-9b34-4ded-a774-4a640765f40e
14-01-2026,12:10,14-01-2026,ZEGONA COMMUNICATIONS PLC,GB00BVGBY890,Costes de transacción y/o externos de DEGIRO,,EUR,"-4,90",EUR,"3514,28",27836719-9b34-4ded-a774-4a640765f40e
14-01-2026,12:10,14-01-2026,ZEGONA COMMUNICATIONS PLC,GB00BVGBY890,Venta 57 Zegona Communications PLC@1.565 GBX (GB00BVGBY890),,GBP,"892,05",GBP,"1799,75",27836719-9b34-4ded-a774-4a640765f40e
14-01-2026,12:10,14-01-2026,ZEGONA COMMUNICATIONS PLC,GB00BVGBY890,Venta 58 Zegona Communications PLC@1.565 GBX (GB00BVGBY890),,GBP,"907,70",GBP,"907,70",27836719-9b34-4ded-a774-4a640765f40e
14-01-2026,07:38,31-12-2025,GLADSTONE INVESTMENT CORP,US3765461070,Dividendo,,USD,"-6,40",USD,"-5,44",
14-01-2026,07:38,31-12-2025,GLADSTONE INVESTMENT CORP,US3765461070,Retención del dividendo,,USD,"0,96",USD,"0,96",
14-01-2026,07:34,14-01-2026,,,Degiro Cash Sweep Transfer,,EUR,"-4,66",EUR,"3519,18",
14-01-2026,07:34,14-01-2026,,,"Transferir a su Cuenta de Efectivo en flatexDEGIRO Bank: 4,66 EUR",,,,EUR,"3523,84",
14-01-2026,06:34,13-01-2026,,,Ingreso Cambio de Divisa,,EUR,"4,66",EUR,"3519,18",
14-01-2026,06:34,13-01-2026,,,Retirada Cambio de Divisa,"1,1672",USD,"-5,44",USD,"0,00",
14-01-2026,03:33,14-01-2026,,,Degiro Cash Sweep Transfer,,EUR,"-1817,93",EUR,"3514,52",
14-01-2026,03:33,14-01-2026,,,"Transferir a su Cuenta de Efectivo en flatexDEGIRO Bank: 1.817,93 EUR",,,,EUR,"5332,45",
14-01-2026,02:20,14-01-2026,FU SHOU YUAN INTERNATIONAL GROUP LTD,KYG371091086,Retirada Cambio de Divisa,"9,1030",HKD,"-2770,00",HKD,"0,00",995e403f-7135-4bde-bafb-aee3ca40458f
14-01-2026,02:20,14-01-2026,FU SHOU YUAN INTERNATIONAL GROUP LTD,KYG371091086,Ingreso Cambio de Divisa,,EUR,"304,30",EUR,"3514,52",995e403f-7135-4bde-bafb-aee3ca40458f
14-01-2026,02:20,14-01-2026,FU SHOU YUAN INTERNATIONAL GROUP LTD,KYG371091086,Hong Kong Stamp Duty,,EUR,"-0,31",EUR,"3210,22",995e403f-7135-4bde-bafb-aee3ca40458f
14-01-2026,02:20,14-01-2026,FU SHOU YUAN INTERNATIONAL GROUP LTD,KYG371091086,Retirada Cambio de Divisa,"9,1030",HKD,"-11080,00",HKD,"2770,00",995e403f-7135-4bde-bafb-aee3ca40458f
14-01-2026,02:20,14-01-2026,FU SHOU YUAN INTERNATIONAL GROUP LTD,KYG371091086,Ingreso Cambio de Divisa,,EUR,"1217,18",EUR,"3210,53",995e403f-7135-4bde-bafb-aee3ca40458f
14-01-2026,02:20,14-01-2026,FU SHOU YUAN INTERNATIONAL GROUP LTD,KYG371091086,Hong Kong Stamp Duty,,EUR,"-1,23",EUR,"1993,35",995e403f-7135-4bde-bafb-aee3ca40458f
14-01-2026,02:20,14-01-2026,FU SHOU YUAN INTERNATIONAL GROUP LTD,KYG371091086,Retirada Cambio de Divisa,"9,1030",HKD,"-2770,00",HKD,"13850,00",995e403f-7135-4bde-bafb-aee3ca40458f
14-01-2026,02:20,14-01-2026,FU SHOU YUAN INTERNATIONAL GROUP LTD,KYG371091086,Ingreso Cambio de Divisa,,EUR,"304,30",EUR,"1994,58",995e403f-7135-4bde-bafb-aee3ca40458f
14-01-2026,02:20,14-01-2026,FU SHOU YUAN INTERNATIONAL GROUP LTD,KYG371091086,Costes de transacción y/o externos de DEGIRO,,EUR,"-6,00",EUR,"1690,28",995e403f-7135-4bde-bafb-aee3ca40458f
14-01-2026,02:20,14-01-2026,FU SHOU YUAN INTERNATIONAL GROUP LTD,KYG371091086,Hong Kong Stamp Duty,,EUR,"-0,31",EUR,"1696,28",995e403f-7135-4bde-bafb-aee3ca40458f
14-01-2026,02:20,14-01-2026,FU SHOU YUAN INTERNATIONAL GROUP LTD,KYG371091086,"Venta 1.000 FU Shou Yuan International Group Ltd@2,77 HKD (KYG371091086)",,HKD,"2770,00",HKD,"16620,00",995e403f-7135-4bde-bafb-aee3ca40458f
14-01-2026,02:20,14-01-2026,FU SHOU YUAN INTERNATIONAL GROUP LTD,KYG371091086,"Venta 4.000 FU Shou Yuan International Group Ltd@2,77 HKD (KYG371091086)",,HKD,"11080,00",HKD,"13850,00",995e403f-7135-4bde-bafb-aee3ca40458f
14-01-2026,02:20,14-01-2026,FU SHOU YUAN INTERNATIONAL GROUP LTD,KYG371091086,"Venta 1.000 FU Shou Yuan International Group Ltd@2,77 HKD (KYG371091086)",,HKD,"2770,00",HKD,"2770,00",995e403f-7135-4bde-bafb-aee3ca40458f
13-01-2026,15:10,31-12-2025,GLADSTONE INVESTMENT CORP,US3765461070,Retención del dividendo,,USD,"-0,96",USD,"5,44",
13-01-2026,15:10,31-12-2025,GLADSTONE INVESTMENT CORP,US3765461070,Dividendo,,USD,"6,40",USD,"6,40",
13-01-2026,11:57,04-12-2025,LVMH MOET HENNESSY LOUIS VUITTON SE,FR0000121014,Dividendo,,EUR,"104,50",EUR,"1696,59",
13-01-2026,11:57,04-12-2025,LVMH MOET HENNESSY LOUIS VUITTON SE,FR0000121014,Retención del dividendo,,EUR,"-26,13",EUR,"1592,09",
13-01-2026,11:54,04-12-2025,LVMH MOET HENNESSY LOUIS VUITTON SE,FR0000121014,Retención del dividendo,,EUR,"26,13",EUR,"1618,22",
13-01-2026,11:54,04-12-2025,LVMH MOET HENNESSY LOUIS VUITTON SE,FR0000121014,Dividendo,,EUR,"-104,50",EUR,"1592,09",
12-01-2026,18:01,12-01-2026,,,Degiro Cash Sweep Transfer,,EUR,"-176,25",EUR,"1696,59",
12-01-2026,18:01,12-01-2026,,,"Transferir a su Cuenta de Efectivo en flatexDEGIRO Bank: 176,25 EUR",,,,EUR,"1872,84",
12-01-2026,16:59,12-01-2026,SAN C9.25 18DEC26,ES0A06301154,Costes de transacción y/o externos de DEGIRO,,EUR,"-0,75",EUR,"1696,59",4ae91272-62c9-4b55-8ce5-57c518a6be58
12-01-2026,16:59,12-01-2026,SAN C9.25 18DEC26,ES0A06301154,"Venta 1 SAN C9.25 18DEC26@1,77 EUR (ES0A06301154)",,EUR,"177,00",EUR,"1697,34",4ae91272-62c9-4b55-8ce5-57c518a6be58
12-01-2026,13:41,12-01-2026,,,Degiro Cash Sweep Transfer,,EUR,"173,75",EUR,"1520,34",
12-01-2026,13:41,12-01-2026,,,"Transferir desde su Cuenta de Efectivo en flatexDEGIRO Bank: 173,75 EUR",,,,EUR,"1346,59",
12-01-2026,12:23,12-01-2026,SAN C9.00 18SEP26,ES0A06257257,Costes de transacción y/o externos de DEGIRO,,EUR,"-0,75",EUR,"1520,34",51ae9d2f-3a65-467f-a802-80aa4656e447
12-01-2026,12:23,12-01-2026,SAN C9.00 18SEP26,ES0A06257257,"Compra 1 SAN C9.00 18SEP26@1,73 EUR (ES0A06257257)",,EUR,"-173,00",EUR,"1521,09",51ae9d2f-3a65-467f-a802-80aa4656e447
12-01-2026,04:09,12-01-2026,,,Degiro Cash Sweep Transfer,,EUR,"-1549,00",EUR,"1694,09",
12-01-2026,04:09,12-01-2026,,,Transferir a su Cuenta de Efectivo en flatexDEGIRO Bank: 1.549 EUR,,,,EUR,"3243,09",
10-01-2026,22:54,09-01-2026,REP C15.50 16JAN26,ES0A06618839,Comisión de Ejercicio de Opciones o Futuros,,EUR,"-1,00",EUR,"1694,09",
10-01-2026,22:54,09-01-2026,REPSOL SA,ES0173516115,"OPCIÓN EJERCIDA: Venta 100 Repsol SA@15,5 EUR (ES0173516115)",,EUR,"1550,00",EUR,"1695,09",
10-01-2026,22:54,09-01-2026,REP C15.50 16JAN26,ES0A06618839,OPCIÓN EJERCIDA: Compra 1 REP C15.50 16JAN26@0 EUR (ES0A06618839),,EUR,"0,00",EUR,"145,09",
09-01-2026,17:51,09-01-2026,,,Degiro Cash Sweep Transfer,,EUR,"2019,42",EUR,"145,09",
09-01-2026,17:51,09-01-2026,,,"Transferir desde su Cuenta de Efectivo en flatexDEGIRO Bank: 2.019,42 EUR",,,,EUR,"-1874,33",
09-01-2026,15:30,09-01-2026,KRAFT HEINZ CO,US5007541064,Ingreso Cambio de Divisa,"1,1609",USD,"2342,00",USD,"0,00",b550f476-d417-475e-9eae-620c7dd8dd6f
09-01-2026,15:30,09-01-2026,KRAFT HEINZ CO,US5007541064,Retirada Cambio de Divisa,,EUR,"-2017,42",EUR,"145,09",b550f476-d417-475e-9eae-620c7dd8dd6f
09-01-2026,15:30,09-01-2026,KRAFT HEINZ CO,US5007541064,Costes de transacción y/o externos de DEGIRO,,EUR,"-2,00",EUR,"2162,51",b550f476-d417-475e-9eae-620c7dd8dd6f
09-01-2026,15:30,09-01-2026,KRAFT HEINZ CO,US5007541064,"Compra 100 Kraft Heinz Co@23,42 USD (US5007541064)",,USD,"-2342,00",USD,"-2342,00",b550f476-d417-475e-9eae-620c7dd8dd6f
08-01-2026,17:41,08-01-2026,,,Degiro Cash Sweep Transfer,,EUR,"1485,93",EUR,"2164,51",
08-01-2026,17:41,08-01-2026,,,"Transferir desde su Cuenta de Efectivo en flatexDEGIRO Bank: 1.485,93 EUR",,,,EUR,"678,58",
08-01-2026,15:30,08-01-2026,LYONDELLBASELL INDUSTRIES NV CLASS A,NL0009434992,Ingreso Cambio de Divisa,"1,1630",USD,"2228,50",USD,"0,00",96c05740-7a2b-4b12-9800-613f941c98a2
08-01-2026,15:30,08-01-2026,LYONDELLBASELL INDUSTRIES NV CLASS A,NL0009434992,Retirada Cambio de Divisa,,EUR,"-1916,19",EUR,"2164,51",96c05740-7a2b-4b12-9800-613f941c98a2
08-01-2026,15:30,08-01-2026,LYONDELLBASELL INDUSTRIES NV CLASS A,NL0009434992,Costes de transacción y/o externos de DEGIRO,,EUR,"-2,00",EUR,"4080,70",96c05740-7a2b-4b12-9800-613f941c98a2
08-01-2026,15:30,08-01-2026,LYONDELLBASELL INDUSTRIES NV CLASS A,NL0009434992,"Compra 50 LyondellBasell Industries NV Class A@44,57 USD (NL0009434992)",,USD,"-2228,50",USD,"-2228,50",96c05740-7a2b-4b12-9800-613f941c98a2
08-01-2026,06:58,07-01-2026,ZEGONA COMMUNICATIONS PLC,GB00BVGBY890,Dividendo,,EUR,"432,26",EUR,"4082,70",
07-01-2026,14:31,07-01-2026,,,Degiro Cash Sweep Transfer,,EUR,"-71,25",EUR,"3650,44",
07-01-2026,14:31,07-01-2026,,,"Transferir a su Cuenta de Efectivo en flatexDEGIRO Bank: 71,25 EUR",,,,EUR,"3721,69",
07-01-2026,13:27,07-01-2026,REP C15.50 16JAN26,ES0A06618839,Costes de transacción y/o externos de DEGIRO,,EUR,"-0,75",EUR,"3650,44",fc1bda9d-99b9-4164-945a-b33b4ac2ce2b
07-01-2026,13:27,07-01-2026,REP C15.50 16JAN26,ES0A06618839,"Venta 1 REP C15.50 16JAN26@0,72 EUR (ES0A06618839)",,EUR,"72,00",EUR,"3651,19",fc1bda9d-99b9-4164-945a-b33b4ac2ce2b
07-01-2026,12:20,07-01-2026,,,Degiro Cash Sweep Transfer,,EUR,"152,25",EUR,"3579,19",
07-01-2026,12:20,07-01-2026,,,"Transferir desde su Cuenta de Efectivo en flatexDEGIRO Bank: 152,25 EUR",,,,EUR,"3426,94",
07-01-2026,10:34,07-01-2026,SAN C10.50 20FEB26,ES0A06743702,Costes de transacción y/o externos de DEGIRO,,EUR,"-0,75",EUR,"3579,19",f5e934be-e852-4a3c-9fe3-c57626a2f895
07-01-2026,10:34,07-01-2026,SAN C10.50 20FEB26,ES0A06743702,"Venta 1 SAN C10.50 20FEB26@0,25 EUR (ES0A06743702)",,EUR,"25,00",EUR,"3579,94",f5e934be-e852-4a3c-9fe3-c57626a2f895
07-01-2026,10:16,07-01-2026,REP C15.00 16JAN26,ES0A06618821,Costes de transacción y/o externos de DEGIRO,,EUR,"-0,75",EUR,"3554,94",35f92da9-a9c3-4ded-a4c9-ebbcd30f3ee6
07-01-2026,10:16,07-01-2026,REP C15.00 16JAN26,ES0A06618821,"Compra 1 REP C15.00 16JAN26@1,24 EUR (ES0A06618821)",,EUR,"-124,00",EUR,"3555,69",35f92da9-a9c3-4ded-a4c9-ebbcd30f3ee6
07-01-2026,10:03,07-01-2026,SAN C9.75 16JAN26,ES0A06617310,Costes de transacción y/o externos de DEGIRO,,EUR,"-0,75",EUR,"3679,69",5c676678-7f31-47d7-a513-a0113555218d
07-01-2026,10:03,07-01-2026,SAN C9.75 16JAN26,ES0A06617310,"Compra 1 SAN C9.75 16JAN26@0,51 EUR (ES0A06617310)",,EUR,"-51,00",EUR,"3680,44",5c676678-7f31-47d7-a513-a0113555218d
05-01-2026,19:16,05-01-2026,,,Degiro Cash Sweep Transfer,,EUR,"19,65",EUR,"3731,44",
05-01-2026,19:16,05-01-2026,,,"Transferir desde su Cuenta de Efectivo en flatexDEGIRO Bank: 19,65 EUR",,,,EUR,"3711,79",
05-01-2026,16:07,05-01-2026,ASLM P900.00 16JAN26,NLEX02658121,Costes de transacción y/o externos de DEGIRO,,EUR,"-0,75",EUR,"3731,44",35dfda77-2664-4f4c-992e-8a253a83f397
05-01-2026,16:07,05-01-2026,ASLM P900.00 16JAN26,NLEX02658121,"Compra 1 ASLM P900.00 16JAN26@1,89 EUR (NLEX02658121)",,EUR,"-18,90",EUR,"3732,19",35dfda77-2664-4f4c-992e-8a253a83f397
05-01-2026,04:14,05-01-2026,,,Degiro Cash Sweep Transfer,,EUR,"-4,63",EUR,"3751,09",
05-01-2026,04:14,05-01-2026,,,"Transferir a su Cuenta de Efectivo en flatexDEGIRO Bank: 4,63 EUR",,,,EUR,"3755,72",
05-01-2026,03:10,02-01-2026,,,Flatex Interest Income,,EUR,"0,00",EUR,"3751,09",
03-01-2026,07:31,02-01-2026,,,Ingreso Cambio de Divisa,,EUR,"4,63",EUR,"3751,09",
03-01-2026,07:31,02-01-2026,,,Retirada Cambio de Divisa,"1,1749",USD,"-5,44",USD,"0,00",
02-01-2026,09:03,31-12-2025,GLADSTONE INVESTMENT CORP,US3765461070,Retención del dividendo,,USD,"-0,96",USD,"5,44",
02-01-2026,09:03,31-12-2025,GLADSTONE INVESTMENT CORP,US3765461070,Dividendo,,USD,"6,40",USD,"6,40",
